1606 2443
496 93 877 130 PHARSALJAE
912 93 1022 130 LJB.
1062 93 1097 131 J.
1407 104 1448 129 11

145 174 267 214 nescit
295 175 412 213 mixta
440 177 534 223 foro,
571 176 689 225 gladii
733 189 820 214 cum
866 176 971 214 triste
1001 175 1193 214 minantes
1374 188 1451 223 320

146 239 330 277 iudicium
358 240 512 278 insolita
540 241 730 289 trepidum
759 241 913 278 cinxere
942 253 1096 287 corona,

143 311 259 353 atque
287 318 381 342 auso
410 305 558 342 medias
586 318 831 354 perrumpere
859 304 978 342 milite
1007 306 1110 354 leges

145 368 384 417 Pompeiana
410 381 518 406 reum
547 370 766 406 clauserunt
794 369 901 417 signa
932 368 1151 406 Milonem?

144 442 249 468 nunc
276 443 433 480 quoque
461 444 510 469 ne
539 433 682 469 lassum
711 439 840 469 teneat
869 431 1015 480 privata
1043 438 1221 469 senectus

143 494 246 531 bella
273 495 441 532 nefanda
468 502 576 543 parat
603 503 733 533 suetus
762 496 937 534 civilibus
964 495 1079 532 armis
1372 505 1446 542 325

143 564 181 594 et
210 557 346 595 docilis
374 559 518 596 Sullam
548 560 737 596 scelerum
766 559 901 597 vicisse
930 559 1166 608 magistrum.

142 629 262 670 utque
290 623 390 660 ferae
418 622 532 671 tigres
560 636 773 672 numquam
803 636 965 672 posuere
999 624 1177 669 furorem,

142 698 238 734 quas
266 698 423 724 nemore
454 688 639 735 Hyrcano
670 695 835 724 matrum
864 688 958 724 dum
987 687 1105 724 lustra
1132 692 1344 735 sequuntur

141 749 241 786 altus
269 762 468 786 caesorum
496 750 601 798 pavit
628 763 740 787 cruor
767 758 1037 795 armentorum,

140 811 195 849 sic
225 820 261 850 et
289 814 488 851 Sullanum
517 814 630 851 solito
660 813 729 851 tibi
762 815 932 852 lambere
959 815 1100 851 ferrum
1371 826 1447 861 330

140 875 262 922 durat,
293 878 449 925 Magne,
480 876 570 914 sitis.
628 878 756 915 nullus
786 878 906 915 semel
934 890 999 915 ore
1027 883 1206 926 receptus

139 940 304 988 pollutas
333 940 475 988 patitur
503 939 657 989 sanguis
686 953 955 978 mansuescere
986 941 1127 977 fauces.

139 1017 256 1053 quem
285 1012 414 1042 tamen
443 1004 613 1043 inveniet
641 1012 720 1042 tam
749 1006 863 1054 longa
891 1005 1066 1054 potentia
1093 1005 1240 1041 finem?

139 1068 224 1117 quis
253 1070 440 1106 scelerum
469 1069 609 1106 modus
635 1072 721 1107 est?
775 1082 822 1106 ex
842 1070 916 1107 hoc
937 1076 973 1106 te
994 1068 1082 1115 iam,
1106 1068 1292 1117 improbe,
1314 1080 1432 1116 regno

138 1133 201 1171 ille
230 1140 315 1171 tuus
344 1134 479 1170 saltem
508 1134 647 1171 doceat
676 1133 874 1171 discedere
904 1133 1019 1170 Sulla.
1369 1145 1442 1181 335

138 1204 225 1245 post
255 1196 446 1235 Cilicasne
474 1210 592 1246 vagos
622 1204 659 1235 et
687 1197 775 1234 lassi
806 1197 967 1235 Pontica
995 1196 1092 1246 regis

137 1260 283 1309 proelia
310 1261 510 1299 barbarico
537 1261 600 1298 vix
629 1269 896 1299 consummata
922 1274 1076 1300 veneno

137 1323 274 1361 ultima
302 1323 490 1372 Pompeio
519 1324 672 1362 dabitur
698 1325 896 1373 provincia
925 1326 1078 1371 Caesar,

137 1387 243 1436 quod
272 1400 352 1425 non
379 1386 552 1425 victrices
581 1388 727 1436 aquilas
757 1388 951 1437 deponere
980 1388 1105 1426 iussus

136 1449 356 1499 paruerim?
410 1450 503 1487 mihi
532 1450 563 1488 si
591 1464 739 1489 merces
768 1459 898 1500 erepta
926 1452 1102 1489 laborum
1130 1459 1188 1490 est
1367 1466 1443 1501 340

137 1512 195 1550 his
225 1514 360 1551 saltem
388 1513 493 1562 longi
521 1527 600 1552 non
630 1528 719 1552 cum
749 1515 848 1552 duce
877 1515 1048 1564 praemia
1075 1515 1167 1553 belli

135 1577 366 1616 reddantur:
405 1578 514 1616 miles
544 1579 616 1616 sub
645 1579 820 1627 quolibet
847 1579 918 1617 iste
948 1579 1167 1629 triumphet.

137 1642 308 1679 conferet
337 1641 540 1690 exsanguis
569 1655 647 1690 quo
676 1655 716 1680 se
745 1650 833 1692 post
860 1645 961 1681 bella
990 1645 1198 1682 senectus?

136 1718 235 1754 quae
265 1707 376 1744 sedes
405 1706 474 1744 erit
503 1706 698 1744 emeritis?
736 1720 834 1755 quae
862 1721 949 1745 rura
976 1708 1170 1745 dabuntur

136 1782 235 1818 quae
263 1776 394 1807 noster
419 1777 621 1808 veteranus
649 1771 761 1807 aret?
798 1783 898 1819 quae
927 1771 1082 1809 moenia
1109 1770 1248 1809 fessis?
1366 1783 1438 1820 345

134 1847 185 1871 an
213 1834 348 1872 melius
376 1836 468 1872 fient
495 1835 652 1883 piratae,
685 1837 840 1884 Magne,
871 1835 1030 1873 coloni?

135 1896 255 1935 tollite
284 1897 509 1946 iampridem
538 1898 707 1936 victricia
735 1898 857 1936 tollite
888 1898 1018 1948 signa:

133 1959 276 1999 viribus
304 1962 490 1999 utendum
519 1970 576 2000 est
604 1975 699 2011 quas
727 1962 910 2000 fecimus:
948 1975 1054 2000 arma
1083 1962 1229 2000 tenenti

134 2025 265 2062 omnia
292 2026 357 2063 dat
385 2026 450 2074 qui
478 2025 578 2064 iusta
606 2034 730 2075 negat.
787 2040 861 2064 nec
889 2027 1049 2065 numina
1077 2028 1262 2066 deerunt:

133 2101 224 2126 nam
252 2102 326 2127 nec
353 2091 497 2139 praeda
524 2090 618 2128 meis
648 2103 775 2139 neque
803 2103 964 2140 regnum
993 2091 1185 2140 quaeritur
1212 2091 1337 2139 armis,
1363 2105 1438 2140 350

134 2151 370 2189 detrahimus
399 2153 578 2190 dominos
607 2153 692 2191 urbi
722 2153 861 2191 servire
889 2162 1052 2202 paratae.

134 2214 291 2262 dixerat,
321 2222 360 2253 at
388 2216 550 2254 dubium
577 2230 658 2255 non
686 2218 789 2256 claro
820 2231 1013 2257 murmure
1042 2220 1176 2269 vulgus
