1606 2443
163 88 182 113 2
509 75 570 111 M.
609 73 852 111 ANNAEI
880 73 1114 112 LUCANI

159 159 199 197 in
227 165 264 197 te
293 166 397 197 verte
425 172 585 197 manus:
617 160 792 197 nondum
821 159 889 196 tibi
920 158 1041 197 defuit
1069 158 1200 197 hostis.

158 229 197 260 at
225 235 329 259 nunc
358 221 545 260 semirutis
574 223 748 271 pendent
776 223 880 270 quod
908 222 1063 260 moenia
1090 222 1202 261 tectis

157 286 316 324 urbibus
346 286 492 332 Italiae,
523 286 716 335 lapsisque
744 285 914 334 ingentia
942 286 1059 324 muris

158 364 250 388 saxa
277 350 415 397 iacent,
445 352 629 399 nulloque
657 352 798 388 domus
827 351 988 389 custode
1017 358 1206 398 tenentur,

157 427 261 451 rarus
290 421 328 451 et
355 413 522 462 antiquis
549 413 744 451 habitator
771 413 810 450 in
838 414 996 451 urbibus
1026 421 1134 459 errat,

156 477 311 515 horrida
339 478 443 526 quod
472 477 599 515 dumis
627 478 847 526 multosque
876 478 1021 515 inarata
1049 490 1118 526 per
1144 489 1267 515 annos

159 540 351 589 Hesperia
379 548 447 587 est,
478 541 695 589 desuntque
724 553 860 578 manus
888 540 1138 590 poscentibus
1167 540 1278 588 arvis,

157 618 236 643 non
266 612 317 651 tu,
350 606 491 654 Pyrrhe
519 607 635 651 ferox,
665 619 738 643 nec
765 606 880 643 tantis
911 606 1086 643 cladibus
1113 613 1248 643 auctor

163 671 320 708 Poenus
350 669 441 707 erit:
479 669 574 707 nulli
603 670 755 719 penitus
785 670 1020 708 descendere
1048 671 1146 708 ferro

163 733 346 783 contigit:
384 735 461 771 alta
489 734 624 771 sedent
653 733 773 771 civilis
801 735 960 771 vulnera
988 734 1154 771 dextrae.

159 799 265 846 quod
294 798 324 835 si
353 811 432 835 non
461 798 574 835 aliam
603 805 765 836 venturo
794 799 872 835 fata
900 796 1048 835 Neroni

157 862 338 900 invenere
366 862 478 907 viam,
509 875 728 911 magnoque
756 869 912 900 aeterna
939 868 1121 910 parantur

159 938 278 975 regna
305 925 399 971 deis,
431 927 659 975 caelumque
688 939 757 964 suo
787 926 925 964 servire
955 924 1104 963 tonanti

157 1001 238 1026 non
266 987 339 1026 nisi
368 1001 567 1026 saevorum
597 989 722 1038 potuit
749 996 836 1038 post
865 990 968 1027 bella
996 988 1229 1037 Gigantum:

156 1052 233 1088 iam
261 1051 369 1098 nihil,
397 1064 421 1089 o
450 1051 588 1100 superi,
618 1052 832 1101 querimur:
866 1053 1011 1090 scelera
1038 1052 1122 1101 ipsa
1148 1053 1332 1101 nefasque

156 1115 229 1152 hac
259 1115 436 1153 mercede
467 1116 644 1164 placent:
683 1115 786 1154 diros
817 1115 1010 1153 Pharsalia
1038 1129 1196 1165 campos

156 1180 327 1228 impleat,
357 1186 394 1217 et
422 1179 544 1217 Poeni
573 1186 787 1217 saturentur
815 1180 1000 1229 sanguine
1029 1193 1188 1227 manes3

155 1244 290 1281 ultima
317 1244 469 1280 funesta
496 1250 726 1280 concurrant
753 1243 899 1292 proelia
929 1244 1090 1281 Munda.

157 1307 228 1353 his,
259 1308 412 1353 Caesar,
443 1305 628 1343 Perusina
655 1307 774 1343 fames
805 1305 1059 1354 Mutinaeque
1087 1306 1238 1343 labores

157 1370 346 1407 accedant
374 1368 470 1414 fatis,
503 1376 541 1406 et
570 1381 664 1417 quas
693 1368 832 1417 premit
859 1382 993 1418 aspera
1021 1370 1162 1406 classes

156 1436 308 1471 Leucas
336 1440 373 1470 et
401 1431 552 1470 ardenti
581 1431 730 1470 servilia
758 1433 860 1470 bella
888 1433 958 1470 sub
987 1434 1137 1470 Aetna:

155 1498 318 1535 multum
349 1498 477 1534 Roma
504 1503 634 1534 tamen
663 1496 780 1534 debet
808 1496 983 1534 civilibus
1017 1496 1141 1543 armis,

156 1560 262 1609 quod
290 1559 359 1597 tibi
386 1572 445 1597 res
475 1566 560 1597 acta
589 1566 656 1597 est.
713 1566 763 1606 te,
807 1572 896 1596 cum
941 1559 1106 1597 statione
1133 1566 1287 1608 peracta

155 1631 255 1661 astra
282 1631 391 1672 petes
420 1636 536 1670 serus,
565 1623 725 1672 praelati
752 1623 855 1672 regia
887 1623 982 1661 caeli

156 1686 320 1736 excipiet
347 1687 540 1735 gaudente
568 1687 671 1735 polo,
702 1699 769 1724 seu
798 1694 948 1735 sceptra
976 1694 1117 1732 tenere,

155 1764 222 1788 seu
251 1757 289 1788 te
316 1750 572 1799 flammigeros
602 1751 750 1788 Phoebi
779 1752 1040 1789 conscendere
1069 1764 1211 1798 currus,

155 1815 408 1862 telluremque
436 1813 531 1851 nihil
558 1821 708 1852 rnutato
737 1815 817 1852 sole
846 1815 1045 1852 timentem

154 1877 243 1926 igne
270 1891 368 1926 vago
397 1878 555 1915 lustrare
584 1878 709 1916 iuvet:
748 1878 817 1916 tibi
846 1878 1002 1916 numine
1030 1879 1080 1916 ab
1109 1878 1215 1916 omni

155 1942 323 1988 cedetur,
353 1941 520 1991 iurisque
549 1941 602 1979 tui
630 1950 766 1980 natura
794 1943 995 1992 relinquet,

155 2006 239 2055 quis
268 2007 362 2044 deus
392 2019 474 2044 esse
502 2006 608 2053 velis,
639 2007 704 2044 ubi
732 2020 892 2056 regnum
920 2020 1065 2056 ponere
1093 2007 1238 2045 mundi.

154 2071 222 2107 sed
250 2082 376 2118 neque
404 2069 443 2106 in
472 2072 617 2108 Arctoo
647 2071 777 2108 sedem
808 2070 876 2108 tibi
906 2070 1040 2120 legeris
1071 2072 1174 2116 orbe,

155 2145 227 2169 nec
254 2133 368 2180 polus
397 2132 545 2170 adversi
575 2132 721 2170 calidus
750 2146 827 2182 qua
859 2134 1025 2181 vergitur
1051 2133 1193 2181 Austri,

155 2195 257 2232 unde
287 2202 390 2232 tuam
420 2195 551 2233 videas
580 2196 740 2245 obliquo
770 2197 893 2235 sidere
923 2198 1103 2235 Romam.

1412 298 1457 336 25

1411 619 1459 654 30

1411 1257 1459 1289 40

1410 1891 1458 1926 50

1409 2208 1453 2244 55
