1606 2443
153 84 175 119 6
502 82 564 119 M.
603 82 847 119 ANNAEJ
873 81 1103 120 LUCANJ

154 167 192 204 in
222 180 291 205 sua
318 168 462 216 templa
490 167 603 205 furit:
641 168 823 216 nullaque
852 166 951 205 exire
980 174 1134 205 vetante

152 230 320 277 materia,
350 243 608 279 magnamque
638 232 779 268 cadens
808 244 1066 279 magnamque
1096 238 1291 270 revertens

151 295 217 332 dat
245 303 409 343 stragem
438 296 513 332 late
542 307 774 343 sparsosque
801 295 987 344 recolligit
1014 294 1131 344 ignes.

203 358 275 396 hae
305 358 467 396 ducibus
496 358 634 396 causae
663 359 868 396 suberant:
906 359 975 396 sed
1003 359 1159 408 publica
1185 359 1277 398 belli

150 422 309 468 semina,
340 435 439 471 quae
467 424 632 471 populos
662 435 813 471 semper
840 436 1005 461 mersere
1033 430 1224 472 potentes.

150 499 317 535 namque
345 494 386 524 ut
415 500 507 535 opes
536 487 684 525 mundo
713 487 851 525 nimias
879 488 1032 525 fortuna
1057 487 1219 530 subacto

150 549 287 596 intulit,
319 557 355 587 et
383 551 497 588 rebus
525 564 651 588 mores
680 563 829 588 cessere
858 551 1049 597 secundis,

149 614 369 662 praedaque
399 622 436 651 et
465 614 625 652 hostiles
654 616 788 652 luxum
817 628 969 653 suasere
998 614 1178 664 rapinae:

149 690 228 715 non
257 690 350 716 auro
379 677 567 727 tectisque
596 679 759 716 modus:
796 692 1029 728 mensasque
1057 679 1201 728 priores

150 749 353 790 aspernata
381 743 524 780 fames:
563 744 688 780 cultus
716 750 865 792 gestare
894 745 1056 782 decoros

150 805 214 842 vix
242 805 399 843 nuribus
428 819 588 855 rapuere
616 820 763 845 mares:
801 808 967 845 fecunda
994 809 1161 846 virorum

128 875 355 924 'paupertas
384 868 549 918 fugitur3
587 877 748 919 totoque
777 871 982 909 accersitur
1010 873 1102 909 orbe

90 934 121 968 μ
149 945 227 980 quo
255 945 350 981 gens
379 946 556 982 quaeque
585 934 693 983 perit.
751 941 833 972 tum
861 936 998 984 longos
1027 934 1183 984 iungere
1211 935 1306 973 fines

149 1007 337 1044 agrorum,
368 1003 405 1033 et
434 997 633 1044 quondam
662 998 758 1035 duro
787 999 935 1036 sulcata
965 998 1118 1036 Camilli

148 1069 302 1094 vomere
333 1064 370 1095 et
397 1058 577 1107 antiquos
608 1059 811 1097 Curiorum
840 1074 952 1109 passa
980 1061 1127 1110 ligones
1171 1094 1174 1096 .

148 1122 263 1171 longa
292 1123 362 1160 sub
391 1122 532 1171 ignotis
562 1124 768 1162 extendere
796 1138 882 1162 rura
909 1111 1068 1163 colonis.

150 1198 230 1223 non
259 1193 339 1223 erat
367 1185 397 1223 is
426 1187 592 1235 populus
621 1200 736 1236 quem
766 1201 842 1237 pax
869 1188 1073 1237 tranquilla
1100 1187 1255 1236 iuvaret,

148 1262 264 1297 quem
294 1262 362 1287 sua
389 1250 543 1288 libertas
572 1249 742 1288 immotis
770 1259 944 1300 pasceret
972 1251 1096 1290 armis.

148 1314 238 1352 inde
267 1313 344 1352 irae
372 1314 502 1351 faciles
517 1327 527 1361 ;
565 1321 604 1352 et
633 1315 740 1363 quod
769 1315 950 1353 suasisset
979 1323 1127 1364 egestas

147 1379 221 1416 vile
250 1379 382 1425 nefas3
418 1391 680 1427 magnumque
709 1380 827 1417 decus
856 1380 1031 1428 ferroque
1060 1378 1273 1428 petendum

147 1444 233 1492 plus
262 1443 385 1493 patria
412 1443 584 1492 potuisse
614 1456 707 1491 sua3
740 1456 995 1492 mensuraque
1024 1441 1114 1480 iuris

148 1506 204 1543 vis
234 1513 336 1545 erat:
375 1506 465 1543 hinc
493 1507 598 1555 leges
627 1514 665 1544 et
692 1506 894 1555 plebiscita
922 1513 1090 1552 coactae,

149 1583 187 1608 et
216 1583 304 1608 cum
333 1569 555 1607 consulibus
585 1571 782 1607 turbantes
811 1569 891 1607 iura
920 1568 1086 1607 tribuni:

148 1635 240 1672 hinc
267 1633 366 1683 rapti
393 1635 516 1671 fasces
544 1633 667 1683 pretio
697 1641 899 1683 sectorque
927 1632 1065 1671 favoris

148 1700 230 1748 ipse
258 1698 317 1736 sui
345 1699 522 1747 populus,
551 1697 753 1746 letalisque
781 1697 947 1735 ambitus
975 1696 1060 1746 urbi

148 1775 278 1800 annua
305 1761 432 1812 venali
460 1762 626 1799 referens
655 1761 863 1799 certamina
893 1762 1066 1810 Campo:

150 1827 240 1864 hinc
267 1839 382 1864 usura
408 1839 525 1864 vorax
553 1826 787 1875 avidumque
816 1826 855 1863 in
884 1833 1059 1875 tempora
1085 1826 1198 1863 fenus

151 1898 189 1928 et
217 1903 407 1928 concussa
434 1890 529 1927 fides
558 1896 596 1927 et
624 1890 753 1928 multis
782 1890 875 1928 utile
903 1890 1059 1927 bellum.

149 1937 278 2006 ‘sssam
306 1953 453 2002 gelidas
483 1954 625 1991 Caesar
653 1966 764 1990 cursu
793 1960 1036 2002 superaverat
1064 1953 1194 2001 Alpes,

150 2008 404 2066 ingentesque
432 2016 563 2054 animo
591 2024 718 2054 motus
746 2017 970 2064 bellumque
997 2017 1166 2053 futurum

152 2086 316 2129 ceperat.
374 2086 415 2116 ut
443 2087 602 2116 ventum
631 2086 688 2117 est
716 2079 822 2128 parvi
851 2077 1066 2117 Rubiconis
1095 2079 1145 2116 ad
1173 2079 1309 2125 undas,

152 2144 287 2193 ingens
321 2142 397 2180 visa
425 2142 514 2180 duci
545 2142 694 2180 Patriae
723 2142 947 2192 trepidantis
976 2141 1103 2190 imago

154 2207 256 2244 clara
283 2218 350 2255 per
378 2206 581 2243 obscuram
610 2207 717 2243 vultu
745 2205 1001 2244 maestissima
1027 2212 1184 2243 noctem

1384 178 1452 216 Ι55

1382 489 1454 524 160

1384 811 1451 858 165

1381 1139 1452 1174 170

1383 1454 1452 1492 175

1384 1762 1455 1797 180

1384 2079 1453 2127 185
