1606 2443
512 111 893 149 PHARSALJAE
929 111 1039 147 LJB.
1078 111 1112 148 J.
1421 122 1464 157 ¹3

162 199 292 235 Roma
320 195 378 233 sit.
435 194 494 232 his
523 201 687 232 cunctae
715 194 828 244 simul
857 194 1061 231 adsensere
1090 194 1282 240 cohortes,

161 261 357 309 elatasque
385 260 462 297 alte
490 271 758 308 quaecumque
786 259 837 296 ad
866 259 968 295 bella
995 264 1150 296 vocaret

162 323 371 372 promisere
401 335 550 360 manus.
607 322 636 360 it
664 330 791 360 tantus
819 323 870 360 ad
898 322 1054 359 aethera
1081 322 1228 359 clamor

162 393 330 434 quantus
358 385 541 435 piniferae
571 387 713 423 Boreas
747 376 844 422 ‘cum
889 385 1076 422 Thracius
1106 385 1229 423 Ossae

160 448 319 497 rupibus
346 448 522 487 incubuit
550 457 706 486 curvato
735 450 872 486 robore
900 461 1052 497 pressae
1390 461 1464 496 390

162 513 204 550 fit
233 525 350 550 sonus
378 522 445 550 aut
473 526 600 551 rursus
629 513 823 551 redeuntis
852 512 891 550 in
919 514 1074 550 aethera
1107 512 1234 550 silvae.

217 576 361 613 Caesar
389 583 431 613 ut
459 583 663 625 acceptum
692 583 770 613 tam
798 589 921 625 prono
950 576 1069 613 milite
1097 576 1243 613 bellum

161 639 315 688 fataque
344 640 440 677 ferre
468 639 584 686 videt,
614 652 662 677 ne
692 652 768 688 quo
797 641 979 687 languore
1008 646 1177 676 moretur

163 703 366 748 fortunam,
397 716 546 752 sparsas
574 716 641 752 per
670 702 817 740 Gallica
845 716 931 739 rura
958 703 1136 740 cohortes

162 774 298 804 evocat
326 774 364 804 et
392 769 562 804 Romam
590 767 706 804 motis
734 766 830 816 petit
858 767 1029 815 undique
1058 766 1183 816 signis.
1389 778 1462 815 395

162 831 363 868 deseruere
391 842 486 867 cavo
516 829 681 867 tentoria
708 831 783 867 fixa
811 832 997 876 Lemano,

162 902 364 943 castraque
392 907 491 943 quae
519 894 664 943 Vogesi
693 907 847 932 curvam
877 908 990 943 super
1016 895 1136 932 ardua
1164 908 1297 944 rupem

159 970 354 1006 pugnaces
383 956 495 1006 pictis
524 957 760 995 cohibebant
789 957 983 1006 Lingonas
1012 957 1136 995 armis.

160 1020 200 1057 hi
228 1022 328 1058 vada
356 1021 550 1069 liquerunt
580 1023 709 1059 Isarae
739 1021 803 1070 qui
831 1022 977 1071 gurgite
1007 1023 1144 1060 ductus

159 1097 227 1132 per
254 1091 332 1121 tam
361 1086 481 1122 multa
509 1098 578 1122 suo
607 1085 729 1123 famae
758 1085 911 1123 maioris
940 1085 978 1122 in
1007 1099 1161 1123 amnem
1389 1099 1464 1131 400

159 1147 288 1194 lapsus
316 1147 366 1184 ad
394 1160 606 1195 aequoreas
635 1160 779 1185 nomen
808 1161 887 1185 non
917 1149 1070 1197 pertulit
1098 1149 1231 1186 undas.

159 1210 359 1246 solvuntur
386 1210 474 1246 flavi
502 1211 617 1258 longa
647 1210 811 1248 statione
841 1211 1038 1249 Rutheni:

160 1275 262 1313 mitis
290 1277 392 1312 Atax
421 1273 549 1311 Latias
582 1275 725 1323 gaudet
753 1288 832 1312 non
860 1276 956 1312 ferre
985 1275 1145 1323 carinas,

159 1338 245 1376 finis
275 1345 313 1376 et
342 1337 557 1386 Hesperiae
585 1346 764 1386 promoto
793 1338 914 1376 limite
942 1340 1089 1378 Varus:

159 1415 312 1451 quaque
342 1402 413 1439 sub
444 1402 640 1438 Herculeo
670 1409 839 1439 sacratus
868 1402 1027 1440 numine
1056 1410 1190 1452 portus
1387 1417 1459 1453 405

163 1471 272 1513 urget
300 1477 395 1514 rupe
422 1478 517 1503 cava
544 1466 727 1515 pelagus:
757 1478 837 1503 non
866 1466 1015 1504 Caurus
1044 1464 1083 1502 in
1112 1465 1220 1503 illum

162 1527 221 1565 ius
249 1528 366 1567 habet
395 1536 462 1567 aut
490 1530 713 1578 Zephyrus:
748 1530 853 1566 solus
882 1541 951 1566 sua
980 1528 1091 1566 litora
1119 1531 1248 1567 turbat

164 1590 313 1630 Circius
342 1600 380 1630 et
410 1600 491 1630 tuta
519 1592 698 1642 prohibet
727 1592 892 1631 statione
922 1591 1117 1631 Monoeci.

163 1668 317 1705 quaque
346 1656 445 1695 iacet
474 1657 563 1695 litus
592 1657 754 1695 dubium
782 1658 888 1706 quod
917 1664 1015 1694 terra
1042 1658 1258 1706 fretumque

162 1720 332 1759 vindicat
361 1721 518 1759 alternis
546 1720 706 1767 vicibus,
737 1734 824 1759 cum
858 1721 1032 1759 funditur
1059 1721 1195 1771 ingens
1383 1735 1458 1768 4¹0

162 1798 344 1832 oceanus,
365 1787 427 1824 vel
455 1799 544 1824 cum
572 1785 713 1835 refugis
742 1798 783 1824 se
812 1785 992 1823 fluctibus
1021 1787 1155 1824 aufert.

162 1852 299 1883 ventus
327 1845 377 1881 ab
407 1850 577 1881 extremo
605 1845 764 1892 pelagus
794 1843 848 1880 sic
877 1857 948 1881 axe
976 1845 1122 1881 volutet

164 1908 423 1956 destituatque
451 1907 575 1944 ferens
591 1920 601 1953 3
638 1919 688 1943 an
718 1906 840 1944 sidere
869 1913 976 1943 mota
1004 1907 1176 1944 secundo

163 1973 336 2021 Tethyos
364 1972 469 2008 unda
495 1983 614 2020 vagae
643 1971 839 2008 lunaribus
868 1978 1016 2008 aestuet
1044 1971 1146 2008 horis
1162 1986 1170 2017 3

163 2036 374 2085 flammiger
401 2048 450 2073 an
479 2035 596 2072 Titan
624 2041 667 2072 ut
695 2036 842 2072 alentes
872 2034 1020 2072 hauriat
1048 2035 1173 2072 undas
1391 2049 1435 2082 4¹
1445 2048 1464 2085 5

164 2101 282 2150 erigat
310 2102 511 2139 Oceanum
540 2100 756 2148 fluctusque
785 2100 834 2136 ad
864 2099 988 2136 sidera
1017 2099 1143 2145 ducat,

164 2163 334 2214 quaerite
363 2176 461 2212 quos
489 2163 607 2213 agitat
635 2163 771 2201 mundi
800 2163 931 2200 labor:
969 2170 1008 2200 at
1036 2161 1130 2199 mihi
1159 2174 1310 2210 semper

165 2236 205 2266 tu
235 2240 502 2277 quaecumque
530 2240 664 2265 moves
693 2234 771 2265 tam
800 2228 954 2265 crebros
983 2239 1098 2264 causa
1127 2234 1273 2264 meatus
