1606 2443
486 112 608 149 PHA
611 112 720 150 RSA
724 113 822 150 LIA
827 113 867 149 E
902 113 1013 151 LJB.
1053 113 1087 150 J.
1420 126 1438 161 7

139 194 323 245 turrigero
351 208 470 233 canos
498 196 700 234 effundens
729 196 870 247 vertice
899 196 1022 234 crines

138 257 303 296 caesarie
332 258 457 312 lacera
483 258 675 307 nudisque
703 260 854 297 adstare
882 259 1049 305 lacertiss

139 327 177 358 et
203 320 346 369 gemitu
375 321 563 371 permixta
590 322 719 372 loqui:
756 336 835 372 quo
864 322 1019 360 tenditis
1047 323 1174 361 ultra?
1369 335 1440 370 190

138 396 217 434 quo
245 384 348 423 fertis
377 399 463 423 mea
490 386 608 435 signa,
637 386 735 425 viri?
789 386 819 424 si
849 386 929 424 iure
957 386 1106 432 venitis,

137 446 169 484 si
196 446 308 495 cives,
338 449 415 486 huc
442 462 563 499 usque
591 449 689 487 licet.
746 456 828 486 tum
857 449 1018 498 perculit
1045 450 1179 487 horror

137 514 309 550 membra
337 513 457 560 ducis,
485 514 632 562 riguere
662 527 797 551 comae
825 526 1054 562 gressusque
1084 525 1267 551 coercens

136 576 299 625 languor
326 576 366 614 in
395 585 562 615 extrema
591 577 714 614 tenuit
742 576 900 625 vestigia
927 576 1018 625 ripa.

135 652 227 678 mox
253 640 316 687 ait,
346 653 370 679 o
399 654 561 690 magnae
589 641 655 690 qui
683 640 837 678 moenia
864 639 1050 689 prospicis
1079 638 1184 677 urbis
1367 650 1434 687 195

134 702 300 752 Tarpeia
327 704 376 741 de
404 717 498 753 rupe
527 706 685 741 Tonans
716 703 947 752 Phrygiique
976 710 1150 752 penates

133 766 259 815 gentis
289 768 420 805 Iuleae
449 775 487 805 et
514 768 612 817 rapti
641 775 786 806 secreta
815 766 966 816 Quirini

135 838 174 868 et
201 830 372 869 residens
401 833 503 869 celsa
532 832 688 869 Latialis
719 832 864 881 Iupiter
891 833 993 869 Alba

133 896 385 944 Vestalesque
413 896 488 934 foci
517 897 733 946 summique
762 910 785 935 o
814 897 981 934 numinis
1009 896 1127 934 instar

135 960 264 997 Roma
289 959 374 998 fave
402 960 574 1008 coeptis;
611 974 691 998 non
719 968 757 998 te
785 960 981 998 furialibus
1010 960 1124 997 armis
1365 972 1438 996 220

134 1035 367 1072 persequor;
405 1037 452 1062 en
480 1024 618 1062 adsum
647 1025 769 1062 victor
796 1032 971 1074 terraque
1005 1023 1176 1073 marique

136 1088 278 1126 Caesar
305 1087 449 1137 ubique
478 1088 733 1126 tuus—liceat
760 1089 1038 1126 modo—nunc
1066 1100 1224 1137 quoque
1252 1086 1376 1125 miles.

133 1149 196 1188 ille
225 1150 295 1188 erit
322 1150 386 1189 ille
414 1164 560 1189 nocens
589 1152 655 1200 qui
683 1165 746 1190 me
774 1152 842 1190 tibi
870 1152 1001 1190 fecerit
1028 1153 1190 1190 hostem.

133 1212 225 1252 inde
253 1226 378 1252 moras
407 1215 519 1252 solvit
547 1215 637 1253 belli
670 1215 937 1264 'tumidumque
965 1228 1034 1264 per
1061 1228 1217 1253 amnem

133 1276 242 1326 signa
269 1277 356 1315 tulit
383 1291 567 1326 propere:
606 1278 704 1316 sicut
732 1278 997 1332 squalentibus
1026 1278 1124 1316 arvis
1365 1288 1435 1326 205

131 1341 330 1380 aestiferae
359 1330 499 1392 Lib}es
527 1342 609 1381 viso
638 1344 700 1381 leo
729 1343 946 1381 comminus
974 1343 1087 1388 hoste

133 1405 308 1444 subsedit
336 1406 477 1444 dubius
507 1414 628 1444 totam
658 1408 750 1445 dum
779 1407 925 1456 colligit
953 1406 1047 1444 iram
1061 1421 1072 1454 3

131 1481 224 1506 mox
250 1468 317 1506 ubi
345 1481 385 1506 se
414 1482 550 1507 saevae
579 1469 790 1508 stimulavit
817 1471 974 1508 verbere
1003 1470 1151 1508 caudae

132 1531 324 1580 erexitque
351 1532 459 1570 iubas
487 1541 597 1571 vasto
626 1541 663 1571 et
690 1546 803 1583 grave
830 1547 1002 1571 murmur
1029 1534 1136 1572 hiatu

131 1594 335 1642 infremuit,
375 1602 456 1633 tum
485 1603 586 1634 torta
613 1597 707 1635 levis
735 1597 766 1634 si
794 1598 929 1635 lancea
958 1597 1087 1635 Mauri
1366 1610 1438 1634 210

131 1659 286 1696 haereat
314 1665 380 1696 aut
407 1660 529 1696 latum
559 1661 720 1698 subeant
747 1662 937 1699 venabula
969 1668 1116 1710 pectus,

130 1732 200 1769 per
226 1721 366 1758 ferrum
394 1721 491 1759 tanti
519 1735 676 1760 securus
704 1722 870 1761 vulneris
899 1722 986 1761 exit.

184 1786 291 1822 fonte
321 1784 424 1822 cadit
452 1785 609 1824 modico
638 1786 842 1835 parvisque
870 1786 1076 1835 impellitur
1102 1786 1216 1824 undis

131 1849 315 1897 puniceus
345 1849 528 1888 Rubicon
570 1863 662 1888 cum
702 1851 848 1888 fervida
877 1851 1035 1889 canduit
1062 1858 1214 1889 aestas:

131 1924 276 1960 perque
305 1911 399 1949 imas
428 1912 545 1961 serpit
572 1914 690 1951 valles
720 1921 757 1952 et
786 1913 934 1952 Gallica
962 1922 1088 1952 certus
1363 1926 1432 1962 215

130 1973 240 2012 limes
268 1975 317 2013 ab
346 1974 528 2013 Ausoniis
557 1975 797 2014 disterminat
824 1990 914 2014 arva
942 1977 1101 2015 colonis.

131 2044 212 2074 tum
239 2036 338 2075 vires
366 2039 576 2087 praebebat
604 2039 753 2088 hiemps
782 2047 899 2088 atque
926 2047 1084 2078 auxerat
1112 2041 1237 2079 undas

131 2101 242 2140 tertia
269 2101 346 2139 iam
373 2102 532 2151 gravido
559 2102 735 2151 pluvialis
765 2103 932 2152 Cynthia
960 2116 1092 2151 cornu,

131 2170 169 2202 et
197 2164 362 2203 madidis
391 2166 483 2203 Euri
510 2168 700 2205 resolutae
728 2167 879 2205 flatibus
907 2168 1038 2217 Alpes.

130 2228 274 2278 primus
303 2229 342 2267 in
371 2230 572 2279 obliquum
600 2230 754 2281 sonipes
783 2231 992 2281 opponitur
1019 2245 1172 2270 amnem
1359 2245 1434 2269 220

1389 1062 1449 1096 is
