1606 2443
180 109 226 132 20
529 99 588 136 M.
627 100 868 137 ANNAEI
896 102 1129 139 LUCANI

176 191 291 231 atque
319 182 412 221 iram
441 196 618 232 superum
647 185 763 234 raptis
793 186 978 235 quaesivit
1006 186 1044 224 in
1073 187 1180 226 extis.

176 246 307 284 terruit
334 246 416 295 ipse
444 249 550 285 color
576 255 726 286 vatem:
764 262 854 286 nam
882 249 1025 298 pallida
1047 248 1177 288 taetris

175 309 320 348 viscera
347 310 467 348 tincta
494 311 595 348 notis
622 312 827 361 gelidoque
855 311 995 351 infecta
1026 326 1160 352 cruore

175 372 358 421 plurimus
386 374 568 422 adsperso
595 374 764 424 variabat
793 375 975 424 sanguine
1003 375 1108 414 liv.or

176 435 296 473 cernit
323 437 412 474 tabe
440 437 544 474 iecur
570 425 791 475 madiduni.
820 451 1014 487 venasque
1041 439 1212 478 minaces

175 499 303 537 hostili
332 500 380 537 de
408 508 514 549 parte
542 500 656 538 videt.
713 501 905 550 pulmonis
935 503 1061 540 anheli

174 562 269 599 fibra
297 563 389 600 latet
416 576 630 635 parvusque
659 571 762 601 secat
790 564 920 602 vitalia
947 565 1056 603 limes

175 637 240 661 cor
268 625 390 662 iacet:
427 633 465 663 et
494 610 638 663 sanieffl
667 640 735 675 per
762 627 911 665 hiantes
939 628 1085 666 viscera
1111 629 1226 667 rimas

175 689 377 728 emittunt:
413 692 657 740 produntque
685 704 772 729 suas
800 700 957 731 omenta
984 694 1160 732 latebras

175 753 683 802 quodque—nefas—nullis
711 755 869 804 impune
897 756 1072 805 adparuit
1100 757 1197 795 extis

175 831 264 855 ecce
291 818 396 856 videt
423 818 539 867 capiti
565 820 742 857 fibrarum
770 819 980 858 increscere
1012 821 1155 858 molem

173 881 327 919 alterius
355 881 512 931 capitis:
549 895 636 931 pars
663 896 776 932 aegra
803 890 841 920 et
868 883 1037 921 marcida
1064 885 1220 933 pendet,

173 958 259 993 pars
287 944 402 983 micat
430 953 467 984 et
495 946 608 984 celeri
635 959 751 984 venas
780 954 909 985 movet
936 947 1113 996 improba
1139 949 1261 997 pulsu.

173 1009 231 1047 his
258 1010 323 1047 ubi
351 1011 529 1059 concepit
556 1023 781 1060 magnorum
809 1012 886 1048 fata
913 1013 1099 1049 malorum

174 1074 386 1111 exclamat:
422 1073 485 1111 vix
512 1075 578 1120 fas,
608 1074 744 1124 superi,
775 1088 1041 1124 quaecumque
1068 1076 1233 1115 monetis

174 1139 336 1186 prodere
363 1151 425 1175 me
452 1138 628 1187 populis:
665 1151 793 1187 neque
821 1139 923 1177 enim
951 1140 1020 1177 tibi
1049 1153 1197 1178 summe
1226 1140 1331 1178 litavi

174 1202 320 1251 Iupiter
346 1203 422 1240 hoc
450 1215 620 1239 sacrum:
657 1203 836 1252 caesique
864 1203 903 1240 in
931 1211 1088 1252 pectora
1116 1203 1213 1241 tauri

173 1266 310 1303 inferni
338 1279 476 1304 venere
505 1266 578 1305 dei.
634 1279 712 1305 non
742 1268 858 1305 fanda
886 1267 1089 1305 timemus:

173 1331 242 1368 sed
270 1330 425 1367 venient
453 1330 597 1367 maiora
624 1338 740 1368 metu.
797 1331 836 1368 di
865 1331 945 1368 visa
974 1333 1186 1371 secundent

173 1402 210 1430 et
238 1393 341 1431 fibris
370 1394 417 1431 sit
444 1395 548 1431 nulla
575 1394 692 1441 fides3
731 1395 799 1432 sed
828 1396 1005 1433 conditor
1032 1396 1122 1434 artis

172 1457 320 1495 finxerit
348 1456 419 1495 ista
447 1459 582 1506 Tages.
639 1458 738 1495 flexa
766 1458 820 1495 sic
849 1458 978 1496 onmia
1005 1461 1155 1497 Tuscus

172 1519 372 1557 involvens
399 1521 595 1569 multaque
624 1528 756 1569 tegens
784 1522 946 1570 ambage
974 1523 1149 1560 canebat.

223 1590 263 1620 at
292 1582 447 1631 Figulus
476 1583 536 1620 cui
565 1597 654 1620 cura
682 1585 776 1621 deos
805 1591 1028 1632 secretaque
1059 1584 1155 1622 caeli

173 1658 285 1684 nosse
313 1645 393 1692 fuit,
423 1659 536 1695 quern
564 1659 642 1684 non
673 1648 865 1684 stellarum
894 1647 1085 1696 Aegyptia
1114 1647 1310 1696 Memphis

171 1718 352 1760 aequaret
379 1710 462 1747 visu
489 1710 732 1759 numerisque
760 1710 1002 1748 moventibus
1030 1718 1141 1757 astra,

171 1782 236 1812 aut
263 1774 326 1811 hic
354 1780 462 1819 errat,
491 1773 555 1819 ait,
584 1775 689 1811 nulla
717 1787 804 1811 curn
833 1775 917 1822 lege
945 1786 1012 1822 per
1039 1787 1177 1811 aevum

171 1839 337 1876 mundus
366 1845 404 1876 et
431 1837 577 1876 incerto
606 1838 822 1875 discurrunt
850 1838 974 1875 sidera
1001 1845 1132 1875 motu:

171 1909 236 1939 aut
264 1901 295 1939 si
322 1902 399 1939 fata
426 1908 584 1939 movent
611 1900 695 1938 urbi
722 1901 928 1950 generique
956 1908 1108 1949 paratur

172 1967 342 2002 humano
370 1972 517 2002 matura
544 1966 636 2002 lues.
693 1972 863 2002 terraene
893 1965 1092 2002 dehiscent

171 2028 446 2077 Subsidentque
473 2029 616 2066 urbes?
653 2041 701 2065 an
730 2029 838 2066 tollet
867 2027 1031 2065 fervidus
1060 2030 1124 2065 ae‘r

171 2091 424 2141 temperiem?
460 2099 608 2140 segetes
636 2092 748 2129 tellus
776 2091 893 2128 infida
919 2090 1102 2139 negabit?

171 2155 296 2195 omnis
324 2169 374 2193 an
401 2155 534 2193 infusis
561 2155 783 2193 miscebitur
810 2156 915 2192 unda
941 2153 1127 2192 venenis?

171 2220 277 2269 quod
305 2219 424 2257 cladis
452 2231 581 2267 genus,
611 2231 634 2256 0
663 2217 800 2267 superi,
828 2231 904 2267 qua
929 2224 1037 2266 peste
1065 2215 1206 2266 paratis

1397 381 1473 416 620

1397 697 1469 743 625

1394 1015 1415 1049 6

1447 1026 1469 1048 0

1420 1025 1440 1060 (υ

1391 1649 1467 1692 640
