1606 2443
176 94 221 130 16
522 93 582 130 M.
622 93 867 130 ANNAEJ
894 93 1129 132 LUCANJ

172 180 239 218 dat
265 178 363 217 vires
390 179 539 216 famae:
577 179 762 226 nulloque
791 184 947 215 auctore
975 178 1164 215 malorum
1399 181 1475 228 485

172 255 271 291 quae
299 243 443 279 finxere
471 241 619 279 timent.
676 253 750 278 nee
780 242 906 278 solum
935 242 1072 289 vulgus
1102 240 1209 278 inani

171 307 389 355 perculsum
417 312 560 342 terrore
589 311 726 352 pavet:
765 304 834 341 sed
862 303 967 341 curia
995 311 1032 341 et
1061 303 1134 352 ipsi

172 370 329 407 sedibus
359 367 543 406 exsiluere
572 368 704 404 Patres
734 366 932 415 invisaque
963 367 1056 405 belli

172 431 393 469 consulibus
422 429 571 478 fugiens
601 429 762 466 mandat
792 429 948 467 decreta
980 437 1146 468 senatus.

172 502 265 532 tunc
294 506 392 542 quae
421 500 504 530 tuta
531 499 666 541 petant
694 499 732 529 et
760 505 860 540 quae
889 493 1098 530 metuenda
1125 493 1342 542 relinquant
1399 508 1474 542 490

172 557 317 603 incerti,
348 569 424 606 quo
454 568 646 605 quemque
675 556 787 604 fugae
815 555 901 593 tulit
929 555 1095 605 impetus
1123 564 1260 605 urgent

172 621 422 671 praecipitem
450 621 638 669 populum
667 619 840 668 serieque
869 620 1066 658 haerentia
1093 621 1210 669 longa

172 685 327 734 agmina
354 689 619 733 prorumpunt.
679 683 813 720 credas
842 690 908 719 aut
936 690 1038 720 tecta
1066 684 1253 721 nefandas

173 747 400 796 corripuisse
429 747 531 783 faces
560 753 626 783 aut
653 745 730 782 iam
759 746 955 795 quatiente
984 746 1095 783 ruina

172 818 353 848 nutantes
381 810 551 859 pendere
580 810 742 847 domos:
780 810 834 847 sic
863 811 972 847 turba
999 823 1068 859 per
1094 811 1230 848 urbem
1401 823 1473 860 495

172 873 373 923 praecipiti
400 873 599 922 lymphata
626 874 757 922 gradu,
787 874 892 910 velut
919 873 1034 911 unica
1061 875 1174 912 rebus

174 951 262 987 spes
289 939 386 976 foret
414 937 577 975 adflictis
606 937 750 986 patrios
779 937 966 975 excedere
997 950 1137 983 muros,

173 999 394 1039 inconsulta
422 1002 508 1039 ruit.
565 999 689 1050 qualis
717 1013 807 1038 cum
836 998 1013 1038 turbidus
1041 999 1183 1036 Auster

174 1065 341 1115 reppulit
369 1079 392 1103 a
421 1065 578 1114 Libycis
606 1064 841 1102 immensum
869 1061 1042 1113 Syrtibus
1071 1073 1217 1111 aequor

174 1127 368 1174 fractaque
396 1124 542 1162 veliferi
570 1133 780 1162 sonuerunt
807 1127 982 1174 pondera
1010 1127 1102 1164 mali
1405 1141 1479 1177 500

175 1189 302 1227 desilit
330 1189 369 1226 in
396 1189 534 1225 fluctus
563 1188 712 1226 deserta
741 1201 872 1237 puppe
900 1189 1081 1238 magister

174 1253 380 1302 navitaque
410 1259 447 1290 et
474 1252 649 1290 nondum
678 1265 809 1301 sparsa
837 1266 1025 1303 compage
1053 1254 1204 1293 carinae

176 1317 413 1366 naufragium
443 1316 513 1354 sibi
543 1316 704 1365 quisque
732 1317 846 1354 facit:
884 1318 939 1355 sic
966 1320 1059 1357 urbe
1087 1320 1219 1357 relicta

175 1382 215 1418 in
243 1382 387 1419 bellum
416 1380 564 1429 fugitur.
621 1381 769 1417 nullum
797 1380 873 1418 iam
901 1383 1104 1431 languidus
1133 1397 1229 1422 aevo

177 1444 318 1483 evaluit
345 1456 525 1481 revocare
553 1456 691 1492 parens
720 1444 937 1483 coniunxve
966 1446 1143 1484 maritum

140 1508 327 1578 rjfletibus
355 1514 422 1544 aut
449 1506 561 1555 patrii
589 1507 730 1545 dubiae
759 1508 852 1545 dum
879 1515 970 1546 vota
1000 1509 1131 1547 salutis

154 1570 426 1619 -conciperent
455 1577 612 1606 tenuere
642 1571 784 1607 Lares:
821 1583 894 1608 nec
921 1571 1053 1609 limine
1082 1572 1286 1621 quisquam

176 1634 300 1672 haesit
328 1642 367 1672 et
395 1641 563 1670 extremo
592 1640 685 1670 tunc
712 1633 871 1671 forsitan
898 1635 1002 1673 urbis
1030 1643 1180 1674 amatae

176 1701 313 1749 plenus
342 1698 422 1736 abit
450 1697 556 1735 visu:
592 1698 667 1736 ruit
694 1698 943 1736 irrevocabile
971 1700 1117 1748 vulgus.

128 1774 200 1814 ’κιο
228 1763 358 1801 faciles
388 1763 478 1799 dare
507 1774 655 1798 summa
683 1762 778 1808 deos
807 1763 1021 1811 eademque
1051 1762 1146 1800 tueri
1405 1776 1480 1812 510

177 1825 362 1863 difficiles.
404 1825 539 1861 urbem
567 1823 720 1872 populis
749 1823 935 1872 victisque
963 1826 1204 1873 frequentem

143 1908 160 1927 π
176 1889 355 1938 gentibus
384 1895 422 1925 et
449 1886 597 1936 generis
626 1894 738 1924 coeat
762 1900 824 1937 sii,
825 1889 936 1925 turba
963 1901 1147 1938 capacem

177 1954 335 1991 humani
362 1952 513 1990 facilem
541 1959 702 1990 venturo
732 1953 896 1990 Caesare
927 1953 1111 2001 praedam

177 2019 337 2068 ignavae
366 2015 509 2064 liquere
538 2028 684 2052 manus.
773 2028 861 2053 cum
887 2028 1039 2064 pressus
1069 2017 1118 2054 ab
1146 2016 1256 2054 hoste

177 2079 366 2117 clauditur
393 2076 558 2115 externis
585 2077 694 2114 miles
724 2079 926 2115 Romanus
953 2078 994 2115 in
1022 2078 1108 2126 oris,
1404 2091 1475 2129 515

179 2142 311 2192 effugit
339 2141 474 2191 exiguo
503 2150 692 2180 nocturna
718 2143 887 2192 pericula
913 2145 1026 2190 vallo,

179 2215 218 2246 et
245 2206 391 2245 subitus
418 2206 517 2256 rapti
544 2206 756 2245 munimine
772 2207 950 2258 caespitis
967 2221 1080 2258 agger

1405 1461 1423 1497 υἱ

1430 1462 1452 1484 0

1458 1460 1476 1497 U!
