1606 2443
508 94 890 132 PHARSALJAE
926 95 1036 138 [ΖΒ.
1056 134 1059 138 ,
1076 94 1108 130 l.

158 181 316 230 praebet
345 192 497 218 securos
526 179 625 217 intra
652 179 816 218 tentoria
845 191 1027 217 somnos:

157 250 198 281 tu
227 251 375 281 tantum
403 243 534 282 audito
562 245 750 281 bellorum
778 242 944 289 nomine,
977 244 1118 289 Roma,

157 307 365 354 desereris;
401 320 479 345 nox
506 319 583 344 una
610 306 684 344 tuis
712 319 791 344 non
820 306 965 344 credita
992 305 1118 342 muris.

157 370 287 408 danda
315 377 443 407 tamen
471 370 584 407 venia
611 377 669 407 est
697 375 891 406 tantorum
921 368 1051 406 danda
1078 380 1288 417 pavorum:

158 433 346 482 Pompeio
374 432 541 482 fugiente
570 432 714 470 timent.
774 439 854 469 tum
883 445 932 469 ne
960 444 1037 480 qua
1063 431 1179 468 futuri

157 508 244 545 spes
273 496 407 534 saltem
436 496 602 544 trepidas
631 503 780 532 mentes
809 496 909 532 levet
937 494 1070 532 addita
1099 494 1166 532 fati

156 557 295 607 peioris
323 558 524 596 manifesta
552 559 647 596 fides
676 558 878 607 superique
907 558 1077 596 minaces

156 620 338 670 prodigiis
367 629 483 659 terras
512 621 718 670 implerunt
746 622 902 659 aethera
929 629 1102 670 pontum.

156 683 288 733 ignota
315 686 499 722 obscurae
528 684 704 722 viderunt
733 684 856 722 sidera
884 693 1030 732 noctes,

155 747 431 796 ardentemque
459 748 591 796 polum
622 748 795 794 flammis,
826 749 1011 797 caeloque
1039 749 1214 786 volantes

155 810 330 860 obliquas
358 825 426 860 per
453 811 567 849 inane
595 813 709 858 faces,
740 812 962 860 crinemque
990 811 1151 850 timendi

155 875 287 913 sideris
317 883 355 913 et
383 875 489 913 terris
517 883 730 913 mutantem
758 888 875 924 regna
902 882 1091 913 cometen.

154 940 301 988 fulgura
327 939 451 976 fallaci
479 939 694 977 micuerunt
722 941 853 976 crebra
881 952 1028 986 sereno,

154 1009 192 1039 et
219 1002 340 1039 varias
368 1001 465 1050 ignis
495 1003 617 1040 denso
646 1002 753 1040 dedit
780 1004 866 1039 aere
894 1003 1058 1040 formas:

153 1078 256 1102 nunc
283 1065 448 1103 iaculum
477 1067 594 1115 longo
623 1080 726 1103 nunc
755 1079 885 1115 sparso
916 1066 1061 1105 lumine
1090 1068 1236 1115 lampas

153 1129 308 1167 emicuit
336 1131 453 1167 caelo.
511 1130 669 1167 tacitum
699 1129 780 1167 sine
808 1129 974 1167 nubibus
1003 1129 1087 1168 ullis

153 1193 296 1230 fulmen
325 1200 362 1230 et
390 1193 542 1230 Arctois
571 1193 721 1241 rapiens
751 1206 771 1231 e
799 1193 970 1242 partibus
999 1194 1125 1242 ignem

153 1255 338 1305 percussit
367 1257 514 1294 Latiale
543 1265 682 1305 caput:
722 1258 930 1306 stellaeque
961 1257 1127 1295 minores

152 1333 220 1369 per
246 1333 407 1358 vacuum
438 1320 572 1358 solitae
601 1320 725 1358 noctis
754 1322 953 1359 decurrere
983 1328 1136 1369 tempus

151 1385 190 1422 in
218 1385 387 1423 medium
416 1399 554 1424 venere
583 1386 710 1424 diem:
749 1400 946 1435 cornuque
974 1396 1111 1425 coacto

151 1448 226 1486 iam
256 1451 412 1487 Phoebe
441 1457 522 1487 toto
551 1451 703 1487 fratrem
747 1464 835 1488 cum
878 1451 1057 1489 redderet
1085 1453 1176 1489 orbe

151 1520 333 1551 terrarum
362 1513 487 1551 subita
514 1527 695 1562 percussa
723 1514 904 1563 expalluit
932 1516 1076 1552 umbra.

151 1577 231 1626 ipse
259 1585 376 1626 caput
403 1578 532 1615 medio
560 1578 676 1616 Titan
719 1591 807 1615 cum
852 1580 964 1617 ferret
992 1580 1160 1628 Olympo

149 1641 324 1679 condidit
351 1642 530 1680 ardentes
558 1650 640 1680 atra
668 1642 830 1692 caligine
858 1656 988 1680 currus

149 1705 385 1755 involvitque
414 1709 546 1744 orbern
574 1707 741 1745 tenebris
769 1714 981 1755 gentesque
1008 1706 1134 1755 coegit

148 1771 349 1820 desperare
378 1771 506 1809 diem:
543 1773 697 1820 qualem
725 1770 892 1819 fugiente
921 1783 989 1819 per
1016 1778 1120 1808 ortus

149 1834 229 1871 sole
257 1834 474 1883 Thyesteae
502 1842 656 1872 noctem
686 1835 829 1872 duxere
859 1835 1062 1882 Mycenae.

148 1909 214 1935 ora
241 1898 347 1936 ferox
374 1898 523 1936 Siculae
551 1898 691 1936 laxavit
720 1897 915 1935 Mulciber
941 1898 1090 1934 Aetnae
1105 1909 1114 1943 3

148 1972 221 1998 nec
247 1960 333 1999 tulit
360 1960 400 1998 in
428 1962 577 1999 caelum
604 1962 778 1998 flammas
807 1960 874 1998 sed
902 1959 1044 1997 vertice
1071 1972 1195 2008 prono

147 2022 244 2072 ignis
272 2024 312 2061 in
340 2024 573 2074 Hesperium
601 2024 741 2063 cecidit
768 2025 877 2062 latus.
934 2031 1016 2061 atra
1043 2022 1258 2072 Charybdis

147 2089 397 2138 sanguineum
425 2090 545 2127 fundo
573 2089 681 2128 torsit
708 2101 821 2126 mare.
879 2087 1004 2125 flebile
1032 2087 1135 2126 saevi

147 2151 329 2190 latravere
357 2165 483 2190 canes.
539 2151 686 2191 Vestali
714 2158 843 2200 raptus
872 2153 920 2189 ab
950 2164 1016 2189 ara

146 2211 267 2262 ignis3
303 2220 342 2252 et
369 2215 578 2252 ostendens
605 2215 800 2252 confectas
828 2214 984 2251 flamma
1012 2212 1168 2251 Latinas

250 2297 339 2324 LUC.

1419 105 1460 141 17

1378 1272 1450 1308 535

1376 1594 1450 1629 540

1374 1910 1444 1946 543
