1606 2443
160 120 205 153 14
505 108 567 144 M.
605 108 849 145 AACVAEI
877 108 1112 146 LUCANJ

154 199 198 230 ut
225 190 351 240 superi
378 192 533 229 voluere
561 193 647 229 late.
704 199 796 229 tunc
822 204 909 228 rura
937 191 1112 229 Nemetis

154 254 222 304 qui
249 262 365 301 tenet,
396 262 433 292 et
461 255 561 303 ripas
589 254 701 293 Aturi
729 268 808 304 qua
835 255 945 293 litore
974 268 1092 293 curvo

153 317 322 357 molliter
348 317 560 356 admissum
589 318 735 356 claudit
763 318 1004 356 Tarbellicus
1032 332 1189 367 aequor,

154 382 263 432 signa
290 388 431 427 movet,
461 382 679 430 gaudetque
707 388 838 418 amoto
868 382 1062 419 Santonus
1090 382 1228 420 hoste:

154 452 193 483 et
221 444 365 483 Biturix
392 445 593 493 longisque
621 445 724 482 leves
757 445 968 482 Suessones
997 444 1036 482 in
1065 445 1204 483 armis:

153 508 322 558 optImus
352 521 512 547 excusso
541 510 691 546 Leucus
721 510 946 557 Remusque
975 509 1119 547 lacerto
1134 523 1144 555 ;

154 572 302 621 optima
328 585 422 621 gens
450 571 557 609 flexis
585 571 624 608 in
651 584 785 620 gyrum
814 573 993 620 Sequana
1020 573 1160 612 frenis:

154 644 192 674 et
221 636 356 674 docilis
384 643 510 673 rector
536 635 687 673 rostrati
716 636 834 685 Belga
862 635 1043 674 covinni:

153 700 392 749 Arvernique
420 699 501 736 ausi
531 699 665 737 Latios
689 712 729 737 se
742 701 885 748 fingere
913 701 1045 737 fratres

154 764 339 814 sanguine
367 765 415 801 ab
445 763 566 801 Iliaco
594 763 727 812 populi
742 777 752 810 3
787 763 1026 812 nimiumque
1053 764 1206 802 rebellis

155 826 320 865 Nervius
349 834 387 864 et
415 825 517 864 caesi
545 827 712 875 pollutus
742 826 925 875 sanguine
955 828 1118 866 Cottae:

154 897 194 928 et
222 889 287 939 qui
315 897 352 928 te
381 889 475 927 laxis
503 889 709 935 imitantur,
740 891 921 935 Sarmata,
952 890 1099 927 braccis

154 952 402 1002 Vangiones:
440 951 649 1000 Batavique
679 959 802 989 truces
832 964 930 1000 quos
959 965 1044 990 aere
1073 966 1231 992 recurvo

155 1017 359 1055 stridentes
387 1029 523 1054 acuere
551 1018 693 1054 tubae:
733 1029 810 1065 qua
838 1016 964 1065 Cinga
992 1025 1159 1066 pererrat

154 1082 323 1132 gurgite:
363 1095 439 1130 qua
468 1082 683 1119 Rhodanus
712 1089 864 1130 raptum
891 1082 1090 1119 velocibus
1118 1081 1232 1120 undis

154 1148 194 1184 in
223 1160 326 1185 mare
355 1148 426 1185 fert
453 1146 623 1184 Ararim:
665 1159 740 1195 qua
768 1146 965 1184 montibus
993 1147 1112 1184 ardua
1140 1146 1301 1184 summis

155 1224 248 1261 gens
278 1211 424 1249 habitat
453 1223 549 1247 cana
577 1210 792 1259 pendentes
820 1223 913 1259 rupe
943 1211 1176 1248 Gebennas:

156 1274 334 1327 [Pictones
361 1277 541 1311 immunes
566 1274 742 1321 subzgzmt
766 1286 836 1310 sua
864 1286 986 1317 rnra‚·
1021 1286 1084 1310 nec
1109 1274 1211 1310 ultra

156 1340 342 1376 instabiles
375 1340 546 1375 Turonas
572 1339 783 1375 circumsita
810 1343 933 1375 castra
961 1343 1124 1375 coercent.

156 1403 195 1439 in
223 1403 372 1448 nebulis,
401 1402 608 1444 Meduana,
637 1403 714 1438 tuis
742 1414 901 1439 marcere
916 1408 1073 1451 perosus

155 1466 303 1511 Andus,
333 1466 409 1502 iam
429 1466 582 1514 placida
609 1465 753 1512 Ligeris
780 1470 968 1502 recreatur
993 1466 1039 1502 ab
1068 1467 1169 1503 unda
1183 1481 1197 1510 ,·

156 1530 291 1577 inclyta
326 1530 513 1566 Caesareis
544 1529 711 1567 Genabos
737 1530 955 1566 dissolvitur
981 1528 1080 1581 alis]

156 1602 196 1632 tu
226 1607 380 1643 quoque
409 1595 570 1631 laetatus
599 1593 771 1631 converti
800 1593 955 1642 proelia,
986 1594 1144 1632 Trevir:

157 1666 195 1696 et
223 1671 326 1695 nunc
354 1666 464 1696 tonse
494 1657 610 1706 Ligur
638 1657 834 1706 quondam
862 1670 931 1706 per
959 1658 1058 1695 colla
1086 1657 1228 1695 decora

158 1721 324 1759 crinibus
355 1720 481 1760 effusis
511 1720 582 1758 toti
610 1722 779 1769 praelate
810 1722 1022 1759 Comatae:

159 1792 196 1822 et
225 1784 363 1832 quibus
391 1783 546 1822 immitis
575 1785 747 1832 placatur
774 1783 959 1832 sanguine
988 1783 1072 1821 diro

159 1849 342 1885 Teutates
374 1847 610 1895 horrensque
638 1847 726 1884 feris
754 1847 934 1884 altaribus
966 1848 1096 1884 Hesus

159 1918 197 1947 et
225 1909 384 1947 Taranis
413 1910 614 1959 Scythicae
642 1923 722 1948 non
750 1910 879 1948 mitior
905 1923 970 1947 ara
1000 1910 1160 1948 Dianae.

158 1986 227 2011 vos
256 1986 420 2022 quoque,
452 1974 517 2022 qui
545 1975 662 2012 fortes
690 1974 838 2012 animas
866 1975 1047 2023 belloque
1075 1980 1292 2024 peremptas

158 2037 335 2075 laudibus
364 2037 403 2074 in
431 2038 591 2087 longum
620 2046 725 2075 vates
754 2037 943 2075 dimittitis
972 2050 1120 2084 aevum,

160 2099 323 2149 plurima
351 2101 472 2138 securi
500 2101 648 2139 fudistis
682 2101 861 2147 carmina,
892 2100 1017 2138 Bardi.

163 2173 200 2204 et
227 2178 295 2203 vos
323 2165 543 2203 barbaricos
571 2165 662 2202 ritus
691 2178 915 2214 moremque
945 2163 1136 2202 sinistrum

163 2241 366 2273 sacrorum,
397 2227 579 2274 Druidae,
610 2227 744 2276 positis
771 2227 961 2276 repetistis
990 2229 1039 2265 ab
1068 2226 1192 2265 armis.

1384 588 1455 624 425

1384 905 1459 939 430

1385 1223 1456 1260 435

1384 1543 1459 1575 440

1386 1859 1457 1895 445

1385 2175 1461 2213 450
