1606 2443
465 501 522 542 M.
572 501 819 542 ANNAEI
868 501 1107 544 LUCANI

490 623 1081 671 PHARSALIAE

579 775 747 811 LIBER
785 776 1005 813 PRIMUS.

143 873 279 909 BELLA
306 884 375 920 per
404 871 608 909 Emathios
638 874 722 921 plus
752 885 869 921 quam
898 872 1023 909 civilia
1050 885 1210 922 campos

141 935 277 984 iusque
305 937 439 973 datum
469 936 602 973 sceleri
630 936 814 982 canimus,
844 938 1109 986 populumque
1137 942 1340 986 potentem

141 999 182 1036 in
210 1012 280 1037 sua
306 999 453 1037 victrici
481 1013 710 1038 conversum
739 1000 887 1038 viscera
915 1002 1059 1047 dextra,

141 1071 403 1113 cognatasque
433 1064 545 1111 acies,
578 1072 615 1102 et
644 1072 758 1113 rupto
786 1065 942 1103 foedere
970 1065 1077 1115 regni

143 1134 329 1164 certatum
358 1127 447 1165 totis
476 1128 655 1165 concussi
685 1128 826 1166 viribus
856 1128 959 1166 orbis
1425 1140 1444 1176 5

142 1190 182 1227 in
211 1203 417 1228 commune
445 1192 564 1236 nefas,
594 1190 820 1239 infestisque
848 1192 963 1229 obvia
992 1192 1108 1241 signis

144 1254 263 1303 signa,
293 1267 404 1302 pares
433 1254 592 1303 aquilas,
623 1262 661 1292 et
688 1254 766 1303 pila
794 1255 979 1292 minantia
1006 1255 1103 1304 pilis.

196 1317 281 1366 quis
309 1319 423 1364 furor,
454 1331 477 1356 o
506 1318 619 1364 cives,
651 1331 749 1367 quae
779 1326 886 1356 tanta
913 1319 1068 1356 licentia
1095 1318 1180 1356 ferri

142 1380 320 1429 gentibus
349 1381 480 1418 invisis
510 1382 662 1418 Latium
691 1383 876 1430 praebere
904 1383 1106 1420 cruorem?

141 1459 309 1494 cumque
370 1446 535 1494 superba
562 1447 659 1483 foret
688 1447 863 1495 Babylon
892 1446 1094 1495 spolianda
1122 1446 1287 1495 tropaeis
1402 1460 1447 1482 10

142 1508 336 1555 Ausoniis,
366 1510 579 1557 umbraque
608 1516 748 1547 erraret
777 1511 938 1548 Crassus
967 1509 1098 1555 inulta,

142 1573 246 1610 bella
272 1573 353 1621 geri
381 1573 526 1622 placuit
553 1573 678 1610 nullos
707 1572 882 1610 habitura
910 1572 1150 1621 triumphos?

143 1637 218 1673 heu
246 1643 433 1684 quantum
462 1642 583 1673 terrae
611 1635 736 1684 potuit
764 1636 966 1685 pelagique
994 1636 1118 1685 parari

142 1698 219 1735 hoc
247 1711 363 1747 quem
392 1697 523 1736 civiles
552 1699 761 1736 hauserunt
789 1699 973 1748 sanguine
1001 1700 1168 1744 dextrae,

143 1762 246 1799 unde
274 1761 379 1799 venit
406 1762 535 1809 Titan,
564 1769 601 1800 et
628 1775 706 1799 nox
732 1762 799 1799 ubi
828 1762 954 1800 sidera
981 1763 1124 1808 condit,
1402 1774 1442 1811 15

143 1838 296 1874 quaque
324 1825 408 1864 dies
436 1826 586 1864 medius
615 1826 860 1875 flagrantibus
889 1833 1039 1864 aestuat
1066 1826 1180 1872 horis,
1402 1821 1405 1823 ’

143 1897 181 1928 et
209 1903 286 1939 qua
312 1891 449 1928 bruma
476 1890 602 1939 rigens
631 1903 677 1928 ac
705 1891 834 1928 nescia
861 1904 949 1928 vere
977 1890 1118 1928 remitti

142 1954 344 2003 adstringit
373 1954 552 2003 Scythico
580 1954 781 2003 glacialem
809 1954 945 2003 frigore
974 1960 1147 2002 pontum.

142 2018 213 2055 sub
240 2017 328 2066 iuga
355 2017 432 2056 iam
460 2019 581 2064 Seres,
611 2017 688 2055 iam
716 2019 900 2055 barbarus
928 2017 1018 2054 isset
1046 2019 1200 2062 Araxes,

142 2088 180 2118 et
204 2094 299 2130 gens
327 2081 359 2119 si
386 2095 463 2131 qua
490 2082 590 2119 iacet
617 2081 791 2119 nascenti
819 2080 975 2119 conscia
1003 2081 1104 2118 Nilo.
1398 2095 1446 2118 20

141 2151 233 2190 tum,
276 2144 307 2182 si
334 2151 464 2182 tantus
492 2157 601 2182 amor
628 2144 719 2183 belli
748 2144 828 2191 tibi,
860 2146 999 2190 Roma,
1029 2143 1198 2189 nefandi,

141 2215 262 2245 totum
293 2210 363 2246 sub
393 2209 521 2247 Latias
550 2211 653 2258 leges
696 2223 785 2248 cum
827 2208 974 2247 miseris
1002 2209 1147 2253 orbem,

248 2295 335 2322 LUC.
1323 2296 1336 2319 1
