1606 2443
129 104 152 138 8
477 103 537 139 M.
577 101 818 139 ANNAEI
846 101 1083 140 LUCANJ

129 195 358 238 excepturus
387 202 529 238 aquas:
569 189 677 227 molli
705 196 786 227 tum
816 196 941 227 cetera
969 188 1111 238 rumpit

130 253 240 290 turba
267 254 367 291 vado
395 253 525 291 faciles
553 252 630 290 iam
657 253 764 291 fracti
792 254 958 291 fluminis
987 254 1121 292 undas.

132 318 274 355 Caesar
301 324 343 355 ut
370 318 570 355 adversam
599 324 776 366 superato
805 316 952 366 gurgite
980 317 1102 366 ripam

131 380 255 429 attigit
284 380 497 430 Hesperiae
525 380 650 418 vetitis
680 386 717 417 et
745 380 916 418 constitit
944 380 1066 418 arvis:

130 444 204 491 hic,
234 443 296 490 ait,
327 443 391 481 1110
418 457 552 492 pacem
582 450 843 491 temerataque
872 443 954 480 iura
981 443 1156 492 relinquo
1172 457 1182 491 3

131 515 179 552 te,
209 509 390 553 Fortuna,
421 519 567 556 sequor.
625 508 760 555 procul
788 506 878 544 hinc
907 506 982 543 iam
1011 508 1167 545 foedera
1196 513 1320 561 sunto.

133 570 366 608 credidimus
395 570 491 608 fatis.
548 571 737 608 utendum
767 578 823 608 est
852 570 979 608 iudice
1008 572 1122 609 bello.

132 633 186 670 sic
213 634 323 679 fatus,
353 633 477 671 noctis
505 633 674 672 tenebris
701 633 798 682 rapit
826 634 979 683 agmina
1007 636 1146 673 ductor

132 696 292 746 impiger
319 703 356 734 et
384 703 485 734 torto
515 696 680 734 Balearis
709 698 866 734 verbere
894 698 1036 736 fundae

132 760 237 799 ocior
265 768 303 799 et
330 761 446 799 missa
474 761 604 799 Parthi
632 768 720 810 post
747 768 853 811 terga
880 762 1039 811 sagitta,

131 824 378 874 vicinumque
405 825 536 862 minax
564 825 709 863 invadit
737 825 946 863 Ariminon.
984 826 1092 875 ignes

133 889 223 926 solis
251 889 409 927 lucifero
436 889 634 938 fugiebant
661 897 761 928 astra
789 890 934 937 relicto,

132 954 285 1003 iamque
314 953 395 992 dies
424 954 566 1003 primos
596 954 685 992 belli
713 955 838 992 visura
866 956 1053 993 tumultus

134 1017 307 1055 exoritur.
366 1031 432 1055 seu
463 1025 600 1066 sponte
630 1018 757 1065 deum,
789 1031 855 1056 seu
885 1019 1060 1057 turbidus
1089 1022 1227 1057 Auster

133 1082 345 1131 impulerat,
375 1090 564 1119 maestam
593 1090 800 1120 tenuerunt
826 1083 960 1120 nubila
988 1085 1123 1121 lucem.

135 1146 308 1185 constitit
335 1154 377 1184 ut
405 1153 518 1195 capto
548 1146 672 1184 iussus
701 1148 897 1195 deponere
925 1147 1034 1185 miles

135 1211 242 1260 signa
269 1212 361 1257 foro,
393 1210 531 1248 stridor
558 1210 695 1248 lituum
724 1211 956 1259 clangorque
985 1212 1164 1248 tubarum

134 1287 211 1312 non
241 1273 306 1323 pia
333 1273 530 1312 concinuit
559 1287 646 1310 cum
674 1286 790 1311 rauco
820 1273 978 1311 classica
1006 1287 1135 1311 cornu.

134 1344 246 1386 rupta
273 1337 382 1386 quies
410 1337 543 1385 populi
572 1336 774 1385 stratisque
803 1337 927 1374 excita
955 1337 1131 1375 iuventus

137 1399 291 1449 diripuit
320 1399 434 1437 sacris
462 1400 588 1437 adfixa
615 1399 818 1448 penatibus
847 1412 952 1436 arma

137 1477 236 1512 quae
263 1477 338 1513 pax
366 1465 481 1512 longa
509 1463 649 1501 dabat:
686 1463 792 1500 nuda
820 1462 896 1499 iam
925 1470 1027 1500 crate
1056 1464 1217 1501 fluentes

137 1528 324 1565 invadunt
353 1529 508 1576 clypeos
537 1533 769 1575 curvataque
798 1526 957 1574 cuspide
985 1526 1063 1575 pila

139 1599 175 1629 et
204 1592 358 1629 scabros
387 1590 515 1639 nigrae
544 1603 673 1628 morsu
701 1590 886 1639 rubiginis
916 1603 1034 1628 enses.

139 1664 180 1693 ut
207 1663 323 1694 notae
350 1657 487 1693 fulsere
516 1656 667 1704 aquilae
698 1657 956 1704 Romanaque
985 1655 1104 1704 signa,

140 1727 177 1756 et
205 1720 328 1757 celsus
356 1718 487 1756 medio
517 1726 746 1767 conspectus
775 1718 814 1755 in
842 1718 995 1767 agmine
1026 1720 1178 1764 Caesar,

140 1782 328 1831 diriguere
357 1789 474 1828 metu,
504 1782 653 1831 gelidus
683 1795 802 1830 pavor
829 1789 994 1830 occupat
1027 1789 1142 1828 artus,

141 1853 178 1882 ct
208 1844 324 1883 tacito
353 1852 480 1882 mutos
508 1846 669 1882 volvunt
697 1844 734 1882 in
764 1852 920 1893 pectore
945 1852 1128 1893 questus:

142 1922 165 1945 o
194 1909 293 1945 male
321 1907 455 1945 vicinis
483 1908 580 1945 haec
608 1907 763 1945 moenia
792 1908 949 1946 condita
978 1909 1109 1955 Gallis,

143 1987 166 2010 0
195 1972 289 2010 tristi
318 1973 500 2009 damnata
527 1972 638 2009 loco!
693 1984 769 2020 pax
796 1972 872 2008 alta
900 1985 968 2020 per
995 1984 1130 2010 omnes

145 2045 181 2074 et
209 2035 413 2084 tranquilla
440 2034 549 2083 quies
577 2036 764 2083 populos:
802 2048 873 2072 nos
902 2036 1043 2083 praeda
1070 2036 1262 2072 furentum

144 2100 341 2149 primaque
369 2106 491 2135 castra
520 2111 663 2135 sumus.
718 2097 865 2143 melius,
897 2100 1077 2145 Fortuna,
1108 2099 1279 2136 dedisses

145 2163 237 2200 orbe
265 2162 336 2198 sub
366 2162 450 2198 Eoo
479 2161 610 2197 sedem
638 2160 843 2208 gelidaque
872 2161 944 2197 sub
972 2162 1090 2198 Arcto

146 2232 390 2273 errantesque
419 2225 557 2262 domos
587 2224 685 2262 Latii
714 2237 830 2273 quam
860 2225 1024 2262 claustra
1053 2223 1158 2263 tueri.

1358 455 1429 493 225

1362 774 1434 810 230

1363 1098 1380 1121 h)

1390 1098 1407 1133 <Aa

1416 1096 1433 1132 υἱ

1367 1414 1440 1446 240

1370 1732 1439 1769 245
