1606 2443
483 109 865 147 PHARSALJAE
900 109 1011 146 LIB.
1050 109 1084 146 J.
1396 121 1437 157 15

133 197 223 236 solis
252 210 366 235 nosse
395 197 491 235 deos
520 203 559 235 et
587 195 684 234 caeli
712 195 871 233 numina
898 194 1009 233 vobis

131 269 197 299 aut
225 260 315 299 solis
343 260 490 298 nescire
520 261 677 298 datum:
715 273 874 298 nemora
901 261 979 298 alta
1006 257 1163 298 remotis

131 323 298 362 incolitis
325 323 443 362 lucis:
480 323 590 362 vobis
618 324 838 362 auctoribus
866 325 1025 362 umbrae

132 401 213 426 non
240 387 374 425 tacitas
405 387 520 425 Erebi
549 388 660 425 sedes
691 387 870 436 Ditisque
899 387 1082 437 profundi
1362 400 1435 436 455

132 451 277 502 pallida
304 464 421 501 regna
448 458 610 500 petunt:
646 450 741 500 regit
769 450 871 488 idem
902 451 1055 500 spiritus
1084 458 1186 490 artus

133 517 226 555 orbe
253 515 354 553 alio:
392 515 721 564 longae—canitis
750 514 781 552 si
809 515 1122 563 cognita—vitae

134 593 237 619 mors
264 580 393 618 media
420 588 487 619 est.
545 587 647 618 certe
676 580 810 629 populi
839 594 936 629 quos
965 581 1128 631 despicit
1156 583 1296 620 Arctos

134 645 263 682 felices
292 657 416 682 errore
445 657 514 682 suo
544 657 641 693 quos
670 644 733 682 ille
762 644 943 682 timorum

135 708 323 746 maximus
350 708 456 745 haud
484 716 592 756 urget
619 708 684 745 leti
712 716 848 746 metus.
910 708 1001 747 inde
1030 709 1166 748 ruendi
1366 713 1440 756 460

136 770 175 808 in
202 771 341 808 ferrum
369 782 478 807 mens
507 782 630 818 prona
657 769 745 807 viris
773 769 1002 818 animaeque
1035 783 1198 820 capaces

137 834 269 872 mortis
298 841 336 871 et
364 833 544 883 ignavum
572 833 763 871 rediturae
793 846 950 882 parcere
978 834 1090 873 vitae.

136 906 175 937 et
202 911 271 936 vos
299 897 495 946 cirrigeros
524 897 634 935 bellis
663 910 792 935 arcere
823 899 973 946 Caycos

136 961 305 1011 oppositi
331 960 461 1010 petitis
490 962 661 998 Romam
690 961 899 1010 Rhenique
927 963 1075 1000 feroces

136 1024 310 1063 deseritis
338 1024 438 1073 ripas
468 1031 505 1062 et
533 1032 708 1073 apertum
737 1024 916 1073 gentibus
948 1025 1093 1062 orbem.
1365 1029 1437 1075 465

189 1090 333 1128 Caesar
359 1096 401 1126 ut
428 1089 640 1125 immensae
669 1088 833 1125 collecto
863 1087 1001 1125 robore
1030 1087 1128 1125 vires

137 1155 306 1194 audendi
333 1154 479 1192 maiora
506 1155 624 1192 fidem
652 1154 777 1191 fecere
806 1166 874 1202 per
902 1166 1059 1190 omnem

138 1218 324 1269 spargitur
352 1218 506 1256 Italiam
534 1217 738 1266 vicinaque
767 1215 922 1254 moenia
950 1216 1131 1265 complet.

137 1297 236 1321 vana
264 1296 420 1332 quoque
448 1283 498 1320 ad
526 1294 636 1319 veros
665 1280 828 1319 accessit
856 1282 958 1318 fama
985 1280 1142 1318 timores

138 1346 349 1396 irrupitque
377 1346 527 1384 animos
556 1346 688 1395 populi
717 1346 947 1394 clademque
975 1345 1140 1383 futuram
1367 1358 1442 1392 470

139 1409 266 1448 intulit
295 1417 332 1448 et
359 1410 473 1448 velox
499 1409 740 1458 properantis
768 1408 904 1446 nuntia
931 1408 1023 1447 belli

138 1473 358 1511 innumeras
386 1471 499 1510 solvit
527 1473 622 1509 falsa
649 1471 689 1508 in
717 1471 925 1520 praeconia
952 1471 1111 1520 linguas.

139 1545 197 1576 est
225 1537 290 1586 qui
319 1536 504 1575 tauriferis
531 1536 597 1574 ubi
627 1549 666 1574 se
697 1536 882 1573 Mevania
910 1537 1057 1585 campis

139 1600 305 1649 explicat
333 1600 500 1638 audaces
528 1612 636 1637 ruere
665 1599 705 1636 in
734 1598 944 1637 certamina
972 1606 1114 1636 turmas

139 1665 294 1711 adferat,
326 1671 364 1702 et
392 1676 469 1712 qua
497 1665 578 1701 Nar
605 1663 790 1701 Tiberino
818 1663 986 1701 illabitur
1017 1663 1123 1701 amni
1369 1677 1414 1710 47
1424 1678 1442 1713 5

140 1727 358 1765 barbaricas
388 1726 492 1765 saevi
521 1726 731 1764 discurrere
762 1726 938 1765 Caesaris
966 1727 1069 1766 alas:

139 1790 264 1840 ipsum
293 1803 428 1828 omnes
456 1790 604 1839 aquilas
633 1791 851 1838 collataque
880 1790 987 1839 signa
1014 1791 1201 1828 ferentem

139 1854 291 1903 agmine
320 1866 400 1892 non
427 1867 506 1892 uno
536 1854 745 1902 densisque
774 1854 955 1892 incedere
981 1854 1124 1892 castris.

140 1930 213 1955 nec
240 1918 393 1966 qualem
420 1917 630 1955 meminere
657 1918 814 1955 vident:
853 1917 1052 1966 maiorque
1081 1918 1257 1967 ferusque

140 1983 332 2021 mentibus
360 1983 524 2021 occurrit
551 1983 733 2031 victoque
762 1982 966 2020 immanior
994 1983 1118 2020 hoste.
1368 1986 1443 2029 430

139 2047 244 2084 hunc
270 2047 369 2084 inter
397 2047 580 2085 Rhenum
608 2048 774 2096 populos
801 2047 999 2095 Alpesque
1028 2046 1198 2085 iacentes

140 2110 279 2149 finibus
307 2109 460 2148 Arctois
487 2110 687 2159 patriaque
714 2123 737 2146 a
765 2110 856 2147 sede
885 2110 1056 2148 revulsos

140 2187 243 2223 pone
272 2173 390 2223 sequi,
420 2173 640 2222 iussamque
669 2172 757 2211 feris
786 2186 809 2210 a
836 2173 1015 2222 gentibus
1043 2175 1180 2212 urbem

142 2239 323 2275 Romano
353 2243 552 2286 spectante
580 2235 671 2286 rapi.
730 2236 784 2274 sic
813 2237 973 2286 quisque
1001 2238 1183 2287 pavendo
