1606 2443
469 106 591 144 PHA
595 105 806 144 RSALJA
810 107 852 143 E
886 106 997 143 LJB.
1037 106 1070 142 I.

122 202 160 232 et
187 191 296 231 victis
324 191 437 230 cedat
465 191 624 241 piratica
650 192 780 229 laurea
808 190 941 237 Gallis,

123 260 279 307 Magne,
309 256 442 296 times:
474 263 512 294 te
540 256 616 294 iam
645 256 759 294 series
788 269 958 305 ususque
986 256 1163 293 laborum

123 322 230 371 erigit
257 320 540 369 impatiensque
568 319 643 358 loci
672 321 824 357 fortuna
853 319 1028 357 secundi.

121 398 195 424 nec
221 397 452 434 quemquam
483 384 559 421 iam
587 385 682 421 serre
711 390 839 432 potest
869 385 1058 421 Caesarve
1087 382 1254 432 priorem

122 447 379 496 Pompeiusve
406 459 547 495 parem.
611 445 695 494 quis
723 446 858 483 iustius
886 445 1012 483 induit
1040 458 1148 483 arma

122 510 217 548 scire
244 511 375 548 nefas:
413 523 556 559 magno
586 523 626 547 se
655 509 781 547 iudice
810 509 973 559 quisque
1002 517 1140 557 tuetur,

120 573 255 611 victrix
283 587 399 611 causa
426 573 508 612 deis
536 573 681 622 placuit
709 575 776 611 sed
804 573 906 611 victa
935 573 1086 612 Catoni.
1133 580 1167 616 J

121 651 194 676 nec
222 637 348 676 coiere
377 650 511 686 pares:
548 639 643 675 alter
669 637 914 686 vergentibus
942 637 1052 674 annis

121 700 160 737 in
189 700 338 738 senium
366 701 559 748 longoque
587 706 701 748 togae
729 698 967 748 tranquillior
994 712 1064 736 usu

121 763 307 801 dedidicit
335 763 411 800 iam
439 776 536 812 pace
564 763 702 801 ducem
717 777 727 810 3
764 764 967 811 famaeque
995 764 1138 812 petitor

121 829 243 865 multa
271 828 361 865 dare
390 827 429 864 in
457 828 591 875 vulgus
606 841 615 873 3
653 834 755 864 totus
784 827 1033 876 popularibus
1061 828 1162 866 auris

122 889 265 939 impelli
293 891 505 939 plausuque
535 889 591 927 sui
619 891 787 938 gaudere
817 890 977 927 theatri:

120 967 194 992 nec
220 966 394 1002 reparare
422 966 542 991 novas
570 953 680 1018 vires,
710 954 950 1002 multumque
979 952 1097 1002 priori

121 1018 275 1056 credere
303 1018 500 1065 fortunae3
538 1025 612 1055 stat
628 1004 760 1066 niagni
779 1017 946 1054 nominis
968 1019 1115 1065 umbra,
1162 1027 1187 1051 α

122 1081 244 1131 qualis
272 1081 448 1130 frugifero
477 1093 639 1129 quercus
674 1081 847 1118 sublimis
875 1080 914 1118 in
943 1094 1033 1130 agro

122 1145 276 1183 exuvias
303 1152 450 1183 veteres
479 1144 612 1193 populi
640 1152 863 1193 sacrataque
892 1151 1046 1193 gestans

121 1209 225 1246 dona
254 1209 398 1246 ducum
426 1221 499 1245 nec
526 1207 602 1245 iam
630 1208 765 1245 validis
794 1208 985 1246 radicibus
1014 1209 1176 1247 haerens

124 1274 296 1323 pondere
323 1274 396 1310 fixa
426 1285 496 1310 suo
526 1280 594 1319 est,
633 1273 835 1321 nudosque
863 1286 932 1321 per
959 1275 1046 1310 aera
1074 1286 1200 1310 ramos

123 1338 324 1376 effundens
352 1344 487 1374 trunco
515 1349 594 1374 non
624 1336 822 1374 frondibus
851 1336 966 1374 efficit
994 1338 1168 1374 umbram
1183 1351 1194 1384 3

122 1408 161 1439 et
188 1400 362 1450 quamvis
389 1400 512 1449 primo
541 1407 650 1438 nutet
678 1413 811 1437 casura
839 1401 910 1438 sub
941 1402 1055 1447 Euro,

122 1471 179 1502 tot
207 1464 349 1501 circum
378 1463 494 1501 silvae
522 1464 632 1501 firmo
662 1476 702 1501 se
730 1465 868 1501 robore
897 1465 1044 1510 tollant,

122 1529 204 1566 sola
231 1535 362 1565 tamen
391 1527 537 1565 colitur.
597 1529 664 1565 sed
692 1541 772 1566 non
800 1529 839 1566 in
870 1531 1035 1568 Caesare
1064 1537 1214 1568 tantum

121 1603 266 1628 nomen
296 1597 374 1627 erat
401 1603 475 1628 nec
503 1591 605 1628 fama
633 1591 764 1630 ducis:
804 1594 873 1630 sed
902 1593 1033 1630 nescia
1060 1593 1178 1631 virtus

121 1662 219 1693 stare
248 1655 347 1699 loco,
386 1655 565 1703 solusque
594 1656 719 1704 pudor
748 1669 828 1693 non
856 1656 1008 1693 vincere
1037 1658 1149 1694 bello.

122 1731 209 1756 acer
237 1725 275 1756 et
303 1718 539 1764 indomitus3
577 1732 654 1767 quo
683 1732 770 1768 spes
799 1733 953 1768 quoque
982 1720 1036 1756 ira
1064 1727 1239 1758 vocasset

121 1783 215 1820 ferre
244 1795 411 1827 manum,
442 1789 482 1819 et
509 1795 721 1831 numquam
750 1784 975 1821 temerando
1005 1796 1161 1832 parcere
1190 1785 1310 1822 ferro:

122 1858 322 1883 successus
349 1858 482 1894 urgere
511 1859 612 1892 suos,
643 1846 784 1898 instare
812 1847 930 1884 favori

122 1909 302 1956 numinis,
341 1909 544 1958 impellens
573 1910 761 1959 quidquid
790 1911 862 1949 sibi
892 1924 1042 1948 summa
1068 1911 1215 1960 petenti

122 1974 301 2019 obstaret,
330 1974 580 2022 gaudensque
608 1974 709 2011 viam
738 1974 872 2012 fecisse
900 1974 1017 2012 ruina.

123 2037 284 2086 qualiter
311 2050 531 2086 expressum
559 2038 682 2076 ventis
710 2052 778 2087 per
806 2038 937 2076 nubila
964 2040 1107 2077 fulmen

122 2101 285 2140 aetheris
313 2101 467 2150 impulsi
496 2103 623 2139 sonitu
653 2102 865 2151 mundique
894 2091 1043 2151 fragore

124 2163 279 2202 emicuit
306 2164 484 2213 rupitque
513 2165 616 2202 diem
645 2166 888 2213 populosque
916 2172 1101 2214 paventes

124 2226 254 2265 terruit
281 2227 439 2276 obliqua
466 2227 745 2278 praestringens
774 2228 918 2266 lumina
946 2229 1110 2266 flamma.

1353 396 1421 432 125

1356 1351 1425 1382 140

1357 1670 1423 1705 145
