1606 2443
123 107 168 130 10
468 95 529 131 M.
568 95 812 132 AMVAEJ
840 96 1075 133 LUCANI

119 178 262 228 excipit
289 186 354 217 aut
382 191 506 216 sacras
536 187 704 227 poscunt
733 179 926 228 Capitolia
955 181 1092 218 lauros.

118 243 215 281 livor
243 245 339 281 edax
367 242 436 280 tibi
465 250 603 280 cuncta
630 251 768 291 negat3
803 252 1014 292 gentesque
1044 246 1220 283 subactas

119 306 182 344 vix
210 306 367 355 impune
395 307 501 344 feres,
560 318 733 343 socerum
764 306 956 354 depellere
984 320 1102 356 regno

120 370 316 409 decretum
343 383 486 419 genero
515 377 582 408 est.
639 369 768 418 partiri
795 383 872 407 non
904 378 1014 419 potes
1041 372 1186 417 orbem,

120 436 223 473 solus
251 435 392 471 habere
420 440 541 482 potes.
599 432 654 470 sic
682 440 888 481 postquam
918 434 1026 479 fatus,
1058 442 1095 472 et
1124 434 1196 483 ipsi

120 497 160 535 in
188 499 332 536 bellum
360 509 484 546 prono
513 503 661 534 tantum
691 503 819 534 tamen
849 497 999 535 addidit
1028 497 1104 535 irae

120 561 373 610 accenditque
402 561 540 598 ducem
570 567 757 608 quantum
785 561 952 599 clamore
981 561 1130 599 iuvatur

122 627 239 663 Eleus
267 624 432 673 sonipes,
463 623 638 673 quamvis
667 623 740 661 iam
771 637 922 663 carcere
951 627 1082 663 clauso

121 687 320 726 immineat
347 687 489 725 foribus
517 700 739 736 pronusque
766 689 946 737 repagula
974 689 1085 727 laxet.

122 757 311 788 convocat
339 757 505 787 armatos
534 750 728 798 extemplo
757 751 807 788 ad
837 751 944 799 signa
972 751 1186 800 maniplos:

121 821 241 862 utque
269 813 359 851 satis
388 812 579 862 trepidum
608 815 719 851 turba
747 823 910 852 coeunte
939 817 1145 854 tumultum

122 877 352 926 composuit,
383 878 489 914 wiltu
518 877 728 926 dextraque
757 878 908 916 silentia
935 878 1067 917 iussit:

121 942 310 979 bellorum
339 953 362 978 o
392 940 497 987 socii,
529 940 594 989 qui
622 941 725 979 mille
754 942 923 990 pericula
953 943 1088 981 Martis

121 1018 287 1051 mecum,
316 1004 378 1051 ait,
411 1004 555 1053 experti
584 1005 737 1043 decimo
766 1006 843 1043 iam
871 1006 1021 1044 vincitis
1049 1019 1164 1053 anno,

122 1070 197 1108 hoc
226 1082 337 1107 cruor
364 1068 516 1107 Arctois
545 1069 683 1106 meruit
712 1069 872 1107 diffusus
901 1069 940 1107 in
969 1069 1067 1108 arvis

122 1133 356 1181 vulneraque
386 1139 423 1169 et
451 1139 593 1169 mortes
621 1131 844 1181 hiemesque
873 1134 944 1171 sub
973 1133 1137 1182 Alpibus
1166 1134 1306 1171 actae?

123 1209 203 1234 non
232 1209 340 1234 secus
369 1195 513 1244 ingenti
541 1197 730 1234 bellorum
760 1198 888 1234 Roma
916 1198 1082 1234 tumultu

124 1258 341 1296 concutitur
369 1271 485 1307 quam
514 1258 545 1295 si
575 1260 729 1296 Poenus
758 1260 1046 1298 transcenderet
1074 1260 1194 1308 Alpes

126 1322 336 1360 Hannibal.
394 1321 602 1370 implentur
628 1323 756 1361 valido
785 1323 908 1361 tirone
936 1324 1139 1361 cohortes:

124 1385 164 1422 in
193 1386 356 1423 classem
384 1385 487 1423 cadit
515 1398 631 1423 omne
659 1399 820 1424 nemus:
858 1394 1034 1436 terraque
1064 1385 1237 1435 marique

125 1448 247 1485 iussus
277 1448 420 1485 Caesar
447 1446 518 1496 agi.
576 1448 670 1496 quid
699 1449 730 1486 si
757 1449 851 1486 mihi
881 1449 989 1499 signa
1016 1449 1185 1487 iacerent

126 1513 253 1550 Marte
281 1512 351 1549 sub
379 1511 541 1549 adverso
569 1520 797 1562 ruerentque
826 1513 865 1550 in
893 1521 998 1563 terga
1021 1515 1168 1551 feroces

127 1577 326 1614 Gallorum
355 1575 517 1625 populi?
570 1589 684 1622 nunc,
729 1590 817 1614 cum
864 1578 1034 1615 Fortuna
1062 1576 1242 1615 secundis

126 1654 280 1679 mecum
308 1641 422 1678 rebus
448 1647 536 1689 agat
564 1640 769 1689 superique
797 1641 845 1678 ad
876 1653 1025 1678 summa
1049 1647 1246 1687 vocantes,

127 1713 369 1753 temptamur.
426 1703 555 1741 veniat
583 1704 662 1741 dux
690 1705 805 1753 longa
824 1717 919 1753 pace
948 1705 1095 1742 solutus

127 1768 248 1806 milite
277 1780 363 1805 curn
392 1767 521 1804 subito
549 1774 753 1815 partesque
782 1766 821 1803 in
848 1767 950 1804 bella
978 1774 1131 1815 togatae

129 1833 413 1880 Marcellusque
441 1832 584 1880 loquax
613 1839 650 1869 et
678 1831 837 1869 nomina
863 1845 964 1869 vana
993 1833 1175 1870 Catones.

130 1894 275 1932 scilicet
307 1893 465 1932 extremi
494 1894 724 1943 Pompeium
753 1894 950 1944 emptique
979 1895 1137 1932 clientes

130 1957 317 1996 continuo
345 1970 414 2006 per
440 1964 498 1996 tot
525 1958 728 1996 sociabunt
755 1966 931 2008 tempora
958 1961 1106 2008 regno?

131 2021 194 2059 ille
223 2028 328 2069 reget
357 2034 495 2067 currus,
527 2023 702 2060 nondum
731 2022 964 2071 patientibus
993 2021 1132 2059 annis?

131 2085 195 2122 ille
224 2086 342 2122 semel
370 2093 499 2133 raptos
527 2098 740 2134 numquam
769 2086 935 2124 dimittet
963 2086 1158 2123 honores?

133 2148 226 2199 quid
254 2148 330 2186 iam
357 2162 443 2186 rura
471 2162 605 2198 querar
633 2157 757 2187 totum
787 2163 990 2199 suppressa
1017 2162 1085 2199 per
1113 2150 1244 2187 orbem

134 2225 180 2250 ac
208 2212 351 2250 iussam
380 2211 517 2250 servire
545 2213 715 2250 famem?
769 2212 854 2262 quis
883 2220 1006 2251 castra
1034 2212 1184 2251 timenti

1348 385 1422 419 290

1351 700 1421 738 295

1352 1019 1426 1055 300

1353 1334 1426 1372 305

1355 1653 1430 1688 310

1356 1968 1430 2007 315
