1606 2443
516 117 747 154 PHARSA
752 116 849 152 LJA
854 115 894 151 E
929 115 1040 151 LJB.
1079 114 1113 151 J.

166 205 262 242 haec
289 210 445 253 propter
470 201 616 252 placuit
643 203 793 239 Tuscos
822 201 870 238 de
899 212 1005 237 more
1033 205 1186 236 vetusto

164 268 278 305 acciri
305 274 423 305 vates.
481 279 642 314 quorum
672 265 736 314 qui
764 264 952 301 maximus
980 275 1078 301 aevo

164 332 290 368 Aruns
318 329 478 367 incoluit
506 329 679 366 desertae
708 327 862 365 moenia
892 329 1032 373 Lucae,

164 393 331 431 fulminis
361 394 520 431 edoctus
549 400 675 430 motus
703 403 897 439 venasque
927 391 1097 427 calentes

163 459 341 495 fibrarum
370 465 407 494 et
435 456 602 494 monitus
631 454 825 493 volitantis
854 455 893 491 in
922 456 1008 492 a'e're
1037 466 1202 502 pennae,

163 529 335 560 monstra
362 521 468 559 iubet
496 520 659 569 primum
688 520 794 557 nullo
824 531 921 567 quae
951 518 1096 556 semine
1125 517 1270 555 discors

162 587 371 636 protulerat
398 593 531 623 natura
558 585 639 633 rapi
668 583 861 632 sterilique
889 583 1078 620 nefandos

165 664 211 688 ex
239 658 347 688 utero
375 651 473 688 fetus
501 648 673 686 infaustis
702 660 809 685 urere
838 646 1015 683 flammis.

161 727 252 752 mox
280 714 385 751 iubet
413 721 451 751 ct
479 720 599 750 totam
628 711 775 760 pavidis
803 724 825 748 a
854 709 1000 747 civibus
1028 710 1233 747 urbem*
1258 743 1260 745 .

161 777 297 815 ambiri
327 785 363 815 et
390 778 488 814 feSto
516 783 721 825 purgantes
750 774 903 811 moenia
932 775 1050 811 lustro

160 843 276 891 longa
302 855 370 891 per
398 848 587 879 extremos
616 838 814 888 pomoeria
842 838 994 887 cingere
1022 838 1118 875 fines

159 906 360 955 pontifices
389 904 484 943 sacri
512 905 650 953 quibus
680 910 737 940 est
765 901 949 951 permissa
976 909 1158 949 potestas.

159 971 269 1008 turba
296 969 421 1007 minor
447 968 520 1006 ritu
549 967 719 1016 sequitur
747 965 943 1003 succincta
971 964 1138 1010 Gabino,

157 1034 432 1081 Vestalemque
460 1032 617 1069 chorum
647 1030 752 1068 ducit
780 1028 914 1066 vittata
943 1028 1122 1065 sacerdos

156 1096 363 1134 Troianam
393 1088 465 1133 soli
493 1094 554 1132 cui
582 1095 638 1131 fas
666 1093 806 1131 vidisse
837 1092 1064 1130 Minervam.

156 1168 235 1198 tum
277 1159 343 1208 qui
369 1160 446 1197 fata
474 1159 588 1196 deum
617 1164 839 1205 secretaque
868 1156 1035 1193 carmina
1064 1163 1215 1194 servant

155 1230 195 1260 et
221 1223 339 1260 lotam
367 1234 484 1271 parvo
515 1227 696 1258 revocant
725 1221 890 1256 Almone
920 1219 1118 1267 Cybeben,

156 1293 194 1323 et
222 1286 359 1322 doctus
387 1286 560 1322 volucres
589 1297 708 1332 augur
736 1296 884 1321 servare
915 1282 1095 1327 sinistras,

154 1348 437 1398 septemvirque
466 1348 588 1397 epulis
616 1347 722 1385 festis
751 1346 919 1395 Titiique
948 1347 1100 1383 sodales

153 1420 191 1450 et
219 1412 340 1450 Salius
368 1413 469 1450 laeto
498 1419 654 1460 portans
683 1411 821 1448 ancilia
849 1411 962 1456 collo,

151 1476 408 1523 attollensque
436 1475 585 1523 apicem
616 1487 802 1523 generoso
830 1472 972 1510 vertice
1001 1473 1170 1508 Flamen.

151 1538 319 1586 dumque
348 1537 401 1574 illi
430 1539 587 1575 effusam
617 1537 739 1586 longis
768 1537 1000 1574 anfractibus
1026 1537 1159 1573 urbem

150 1600 397 1647 circumeunt,
425 1603 549 1638 Aruns
579 1601 771 1649 dispersos
799 1599 965 1637 fulminis
994 1599 1101 1648 ignes

149 1663 293 1712 colligit
322 1672 359 1701 et
387 1671 507 1701 terrae
536 1672 685 1702 maesto
716 1676 803 1700 cum
832 1675 1021 1699 murmure
1051 1661 1185 1699 condit

148 1731 290 1779 datque
317 1731 412 1768 locis
440 1744 582 1769 nomen
612 1730 738 1768 sacris.
797 1737 887 1767 tunc
915 1730 1097 1767 admovet
1125 1728 1281 1779 aris*

147 1796 269 1832 electa
297 1795 445 1833 cervice
472 1808 627 1832 marem.
684 1794 759 1831 iam
788 1795 946 1831 fundere
975 1793 1169 1830 Bacchum

146 1868 325 1908 coeperat
353 1861 587 1910 obliquoque
616 1861 737 1897 molas
765 1858 946 1897 inducere
977 1859 1124 1895 cultro:

145 1921 425 1972 impatiensque
453 1924 519 1961 diu
547 1937 624 1961 non
653 1922 748 1971 grati
776 1921 930 1959 victima
960 1920 1066 1966 sacri,

144 2000 287 2025 cornua
315 1987 499 2025 succincti
526 1994 743 2036 premerent
787 1998 875 2023 cum
917 1993 1025 2023 torva
1052 1984 1223 2028 ministri,

143 2051 321 2100 deposito
348 2051 489 2089 victum
518 2051 727 2100 praebebat
756 2049 901 2098 poplite
930 2049 1081 2086 collum,

141 2126 214 2151 nec
242 2126 353 2152 cruor
380 2114 533 2152 emicuit
562 2113 721 2152 solitus:
761 2114 828 2150 sed
856 2113 1011 2150 vulnere
1041 2113 1145 2161 largo

141 2176 319 2213 diffusum
346 2177 459 2230 rutilo
486 2168 634 2225 nigrum
663 2188 732 2224 pro
761 2175 944 2223 sanguine
972 2174 1082 2212 virus.

138 2239 272 2288 palluit
299 2240 482 2278 attonitus
511 2239 625 2278 sacris
656 2239 834 2277 feralibus
862 2240 989 2276 Aruns

1229 2328 1246 2349 Ν

1424 126 1467 160 19

1393 263 1464 310 585

1390 593 1463 629 590

1386 913 1403 948 Ul

1412 914 1432 947 Ο

1440 912 1457 948 (λι

1380 1222 1456 1255 600

1370 1860 1445 1894 610

1363 2177 1436 2224 615

1308 2327 1326 2349 Ν
