1606 2443
170 139 193 170 4
519 126 582 162 M.
619 125 862 162 ANNAEI
888 123 1124 163 LUCANJ

169 210 207 247 in
238 209 437 247 medium?
492 210 585 246 dum
614 217 712 247 terra
740 210 876 246 fretum
905 216 1120 257 terramque
1148 206 1290 245 levabit

168 276 232 310 aer
260 280 298 310 et
325 272 430 321 longi
458 274 614 310 volvent
641 273 783 310 Titana
810 274 960 310 labores

168 349 322 385 noxque
351 336 454 373 diem
482 338 591 373 caelo
620 336 783 373 totidem
811 348 879 384 per
906 335 1014 384 signa
1042 341 1232 383 sequetur,

167 401 274 437 nulla
301 400 397 437 fides
425 399 531 448 regni
560 398 686 444 sociis,
716 398 920 447 omnisque
948 404 1119 446 potestas

168 464 373 513 impatiens
402 462 590 501 consortis
619 462 697 500 erit.
755 475 828 499 nec
855 462 1035 510 gentibus
1063 460 1149 498 ullis

167 527 322 572 credite,
352 540 425 564 nec
453 528 567 575 longe
595 527 757 564 fatorum
786 527 961 574 exempla
988 531 1177 573 petantur.

167 592 333 628 fraterno
362 589 474 638 primi
502 590 732 626 maduerunt
761 589 947 637 sanguine
976 588 1097 626 muri:

166 667 240 691 nec
266 652 432 702 pretium
461 652 557 690 tanti
585 653 696 690 tellus
724 659 943 700 pontusque
973 651 1105 689 furoris

167 726 261 755 tunc
289 725 392 755 erat:
431 717 609 766 exiguum
639 717 818 755 dominos
848 716 1040 755 commisit
1069 717 1225 765 asylum.

219 780 403 830 temporis
432 780 583 830 angusti
611 781 751 817 mansit
779 780 988 818 concordia
1016 779 1171 825 discors,

171 857 321 893 paxque
348 843 420 881 fuit
448 856 527 880 non
557 850 694 892 sponte
723 844 877 880 ducum.
935 856 1025 880 nam
1055 843 1137 880 sola
1164 839 1277 878 futuri

168 911 327 945 Crassus
357 913 436 945 erat
464 906 555 944 belli
584 906 734 943 medius
762 919 878 943 mora.
936 906 1100 955 qualiter
1126 905 1250 958 undas

167 971 232 1019 qui
261 977 365 1008 secat
393 978 431 1008 et
458 969 654 1019 geminum
682 970 830 1019 gracilis
860 983 963 1008 mare
992 977 1140 1019 separat
1170 971 1350 1015 Isthmos,

167 1047 238 1072 nec
267 1035 408 1083 patitur
435 1035 607 1071 conferre
636 1035 774 1071 fretum
790 1049 800 1082 3
838 1033 868 1071 si
897 1042 994 1072 terra
1020 1034 1184 1080 recedat,

168 1099 322 1137 Ionium
350 1100 507 1147 Aegaeo
536 1099 683 1147 frangat
712 1111 839 1136 mare:
878 1098 943 1143 sic,
972 1098 1038 1136 ubi
1066 1111 1179 1136 saeva

166 1175 271 1199 arma
299 1162 443 1199 ducum
472 1160 653 1198 dirimens
682 1161 901 1198 miserando
929 1162 1062 1199 funere
1092 1163 1251 1200 Crassus

165 1225 339 1274 Assyrias
369 1224 481 1262 Latio
509 1224 713 1262 maculavit
742 1225 927 1274 sanguine
957 1226 1102 1272 Carras,

167 1288 344 1326 Parthica
373 1289 574 1325 Romanos
603 1289 797 1326 solverunt
825 1290 967 1326 damna
995 1290 1149 1327 furores.

166 1353 251 1400 plus
281 1351 345 1388 illa
373 1350 483 1388 vobis
513 1350 595 1388 acie
624 1364 739 1399 quam
768 1352 920 1389 creditis
949 1351 1078 1390 actum
1108 1360 1175 1400 est,

165 1414 397 1452 Arsacidae:
435 1415 579 1451 bellum
607 1414 717 1451 victis
746 1414 860 1452 civile
889 1415 1059 1453 dedistis.

165 1477 347 1515 dividitur
375 1478 472 1515 ferro
501 1490 672 1526 regnum,
703 1478 916 1527 populique
945 1479 1114 1527 potentis

165 1554 263 1589 quae
292 1553 395 1577 mare
425 1553 523 1589 quae
552 1548 668 1579 terras
697 1555 796 1591 quae
826 1550 948 1580 totum
976 1544 1149 1592 possidet
1177 1545 1309 1582 orbem

164 1618 241 1641 non
273 1604 375 1653 cepit
401 1605 554 1642 fortuna
581 1605 689 1643 duos.
748 1619 838 1643 nam
866 1607 1028 1656 pignora
1055 1607 1174 1646 iuncti

166 1668 361 1717 sanguinis
391 1676 429 1706 et
458 1668 540 1706 (liro
569 1670 702 1707 ferales
732 1671 862 1708 omine
891 1672 1023 1709 taedas

165 1731 323 1769 abstulit
350 1733 400 1769 ad
429 1745 562 1770 manes
593 1734 799 1771 Parcarum
830 1735 928 1784 Iulia
956 1748 1070 1773 saeva

164 1789 375 1844 intercepta
402 1809 530 1833 manu.
588 1798 694 1845 quod
723 1797 753 1834 si
782 1798 851 1836 tibi
879 1800 957 1836 fata
985 1788 1183 1839 dedissent

165 1860 327 1897 maiores
355 1860 394 1897 in
422 1861 508 1898 luce
537 1874 674 1907 moras,
705 1869 745 1899 tu
775 1864 857 1900 sola
884 1865 1051 1902 furentes

163 1922 252 1960 inde
282 1921 403 1959 virum
431 1931 584 1971 poteras
611 1932 728 1972 atque
756 1925 846 1962 hinc
873 1926 1037 1965 retinere
1064 1935 1275 1977 parentem,

163 1992 405 2034 armatasque
433 2000 568 2025 manus
597 2001 759 2026 excusso
787 1988 942 2038 iungere
970 1991 1080 2037 ferro,

163 2057 203 2087 ut
231 2063 394 2098 generos
422 2051 573 2089 mediae
602 2053 742 2090 soceris
771 2054 927 2092 iunxere
956 2055 1129 2093 Sabinae.

163 2121 284 2150 morte
314 2121 378 2150 tua
406 2114 578 2152 discussa
606 2117 700 2154 fides
729 2118 950 2166 bellumque
979 2130 1133 2157 movere

162 2177 390 2225 permissum
419 2179 591 2216 ducibus.
650 2180 823 2218 stimulos
853 2181 960 2218 dedit
987 2183 1139 2220 aemula
1166 2182 1291 2222 virtus.

165 2251 216 2288 tu,
247 2254 348 2280 nova
376 2255 424 2280 ne
453 2250 600 2281 veteres
630 2244 836 2283 obscurent
865 2253 950 2283 acta
979 2246 1203 2296 triumphos,

1423 284 1471 320 90

1421 599 1466 636 95

1399 920 1469 944 100

1395 1558 1465 1582 110

1393 2198 1462 2221 120
