1606 2443
11 325 54 354 oc»

55 320 76 346 «i

507 89 628 126 PHA
632 89 741 126 RSA
745 88 842 125 LJA
847 88 888 124 E
923 88 1034 125 LIB.
1073 88 1107 125 I.

158 173 382 212 saevitiam?
436 173 594 211 extremi
621 174 828 211 multorum
856 180 1009 221 tempus
1038 172 1077 210 in
1105 186 1225 210 unum

158 251 373 277 convenere
400 238 492 276 dies.
551 251 701 276 summo
731 238 760 275 si
789 238 935 292 frigida
957 238 1066 276 caelo

159 302 267 339 stella
293 314 438 339 nocens
466 301 594 350 nigros
624 300 773 338 Saturni
802 301 1034 338 accenderet
1067 300 1185 350 igneS,

149 352 445 403 Eeiscalioneos
473 365 634 402 fudisset
662 364 853 413 Aquarius
882 364 1023 402 imbres

160 436 317 477 totaque
346 428 485 466 diffuso
514 427 686 465 latuisset
714 428 753 464 in
782 441 949 476 aequore
978 428 1098 465 tellus.

161 493 191 530 si
220 505 376 530 saevum
404 491 517 530 radiis
547 493 797 536 Nemeaeum,
830 491 999 537 Phoebe,
1031 492 1204 528 Leonem

161 569 267 593 nunc
294 568 497 604 premeres,
529 562 612 592 toto
640 555 800 592 fluerent
828 554 1010 592 incendia
1037 556 1185 592 mundo

161 631 445 667 succensusque
473 617 546 655 tuis
575 618 769 666 flagrasset
798 617 968 654 curribus
997 617 1137 655 aether.

161 682 200 719 hi
229 689 382 719 cessant
409 681 539 730 ignes:
577 688 628 726 tn,
660 680 725 729 qui
753 681 938 729 flagrante
966 680 1158 718 minacem

162 745 349 794 Scorpion
376 745 552 782 incendis
580 745 703 782 cauda
730 744 936 792 chelasque
964 745 1120 793 peruris,

163 808 256 857 quid
285 816 446 854 tantum,
476 808 654 854 Gradive,
684 810 823 857 paras?
877 820 968 844 nam
995 807 1097 845 mitis
1126 807 1165 844 in
1193 809 1270 846 alto

165 871 312 920 Iupiter
338 884 479 909 occasu
508 871 691 920 premitur
719 871 958 919 Venerisque
987 872 1138 908 salubre

164 934 267 972 sidus
295 935 412 973 hebet
440 943 625 983 motuque
653 936 752 972 celer
784 934 979 983 Cyllenius
1008 935 1150 981 haeret,

164 1006 202 1036 et
230 1001 379 1037 caelum
412 1001 518 1036 Mars
547 1001 651 1036 solus
679 1000 806 1036 habet.
865 1011 930 1035 cur
959 998 1067 1047 signa
1095 1006 1243 1036 meatus

165 1063 365 1101 deseruere
394 1075 483 1101 suos
511 1064 737 1111 mundoque
767 1064 928 1099 obscura
957 1063 1152 1101 feruntur:

165 1124 315 1162 ensiferi
344 1124 503 1161 nimium
534 1125 649 1173 fulget
678 1126 777 1162 latus
807 1125 991 1163 Orionis?

165 1187 339 1224 imminet
367 1200 558 1225 armorum
587 1187 734 1226 rabies:
772 1187 936 1237 ferrique
964 1195 1136 1236 potestas

165 1251 377 1288 confundet
405 1251 462 1288 ius
491 1264 605 1288 omne
635 1264 777 1288 manu:
817 1251 1028 1300 scelerique
1058 1253 1226 1290 nefando

166 1322 309 1351 nomen
338 1314 406 1352 erit
435 1314 575 1352 virtus:
612 1316 829 1363 multosque
864 1315 981 1352 exibit
1010 1315 1047 1351 in
1077 1328 1199 1353 annos

166 1376 228 1413 hic
255 1377 366 1415 furor.
424 1385 461 1415 et
489 1391 646 1427 superos
675 1379 767 1427 quid
796 1379 953 1428 prodest
981 1392 1139 1428 poscere
1167 1381 1313 1419 finem?

167 1454 254 1478 cum
282 1441 442 1479 domino
470 1455 546 1491 pax
574 1442 646 1479 ista
673 1442 788 1481 venit.
846 1444 932 1489 duc,
964 1444 1103 1489 Roma,
1133 1445 1319 1482 malorum

167 1504 389 1543 continuam
418 1506 554 1543 seriem
582 1507 810 1555 clademque
840 1506 878 1544 in
907 1515 1082 1555 tempora
1110 1508 1231 1545 multa

168 1571 323 1609 extrahe
351 1571 450 1608 civili
478 1579 625 1609 tantum
654 1571 728 1608 iam
760 1571 878 1609 libera
905 1572 1020 1609 bello.

167 1642 376 1673 terruerant
405 1634 494 1673 satis
523 1636 619 1672 haec
646 1634 825 1684 pavidam
854 1635 1052 1683 praesagia
1080 1635 1258 1683 plebem:

168 1699 236 1736 sed
264 1698 408 1736 maiora
435 1706 623 1747 premunt.
681 1711 771 1735 nam
800 1697 922 1746 qualis
951 1698 1093 1735 vertice
1124 1698 1238 1736 Pindi

169 1763 316 1801 Edonis
347 1763 496 1812 Ogygio
525 1762 691 1801 decurrit
720 1764 835 1811 plena
864 1765 993 1811 Lyaeo

168 1826 253 1863 talis
284 1833 321 1863 et
348 1825 550 1863 attonitam
577 1825 720 1874 rapitur
747 1833 923 1863 matrona
951 1837 1019 1873 per
1045 1825 1180 1862 urbem

169 1889 327 1927 vocibus
354 1890 412 1927 his
441 1891 609 1938 prodens
638 1898 834 1938 urgentem
864 1896 1022 1938 pectora
1051 1890 1279 1927 Phoebum:

170 1966 247 2002 quo
274 1953 384 2000 feror,
414 1966 437 1991 o
467 1955 625 1992 Paean?
679 1966 756 2002 qua
783 1965 844 1990 me
874 1966 988 2001 super
1015 1953 1171 1990 aethera
1197 1961 1346 2002 raptam

170 2015 368 2054 constituis
397 2019 523 2054 terra?
576 2016 690 2054 video
712 2017 889 2064 Pangaea
916 2014 1058 2053 nivosis

171 2090 268 2115 cana
295 2078 389 2127 iugis
417 2079 593 2128 latosque
623 2078 767 2116 Haemi
800 2079 870 2116 sub
898 2090 991 2126 rupe
1021 2077 1231 2126 Philippos.

172 2141 256 2190 quis
284 2143 386 2179 furor
412 2143 485 2190 hic,
517 2156 540 2181 o
570 2143 741 2188 Phoebe,
772 2142 894 2180 doce:
931 2153 1009 2190 quo
1038 2142 1114 2178 tela
1146 2154 1360 2190 manusque

173 2205 375 2243 Romanae
403 2206 566 2244 miscent
594 2205 708 2253 acies,
738 2206 960 2254 bellumque
989 2205 1071 2242 sine
1100 2204 1213 2242 hoste
1242 2204 1328 2242 est?

1387 176 1462 221 650

1386 492 1459 538 655

1390 810 1464 844 660

1390 1129 1463 1174 065

1391 1448 1465 1493 670

1394 2082 1468 2115 080
