1606 2443
124 110 163 133 12
466 97 526 134 M.
565 97 809 134 ANNAEJ
836 97 1072 135 LUCANJ

117 195 248 220 secum
276 181 421 221 incerta
448 182 597 222 fremit:
634 182 756 232 pietas
785 182 973 237 patriique
1001 189 1161 231 penates

117 259 351 295 quamquam
380 247 499 285 caede
526 248 625 284 feras
653 253 802 284 mentes
830 243 1060 295 animosque
1089 252 1282 283 tumentes

116 310 317 359 frangunt3
355 311 424 348 sed
452 310 535 348 diro
564 310 650 348 ferri
678 317 905 347 revocantur
932 323 1063 348 amore

117 375 366 424 ductorisque
394 383 510 413 metu.
569 374 709 413 summi
738 382 820 412 tum
858 387 1019 411 munera
1045 373 1112 423 pili

121 440 275 477 Laelius
304 439 530 488 emeritique
557 452 693 488 gerens
721 437 886 487 insignia
913 437 1007 476 doni

118 503 255 541 servati
283 504 374 541 civis
402 504 629 541 referentem
658 501 829 551 praemia
856 513 1066 550 quercum:

119 567 150 605 si
177 567 277 612 licet,
308 568 506 613 exclamat,
539 566 709 604 Romani
737 565 904 602 maxime
931 572 1057 602 rector

118 630 286 668 nominis
315 637 353 668 et
380 629 438 667 ius
468 637 525 668 est
552 642 660 667 veras
689 642 909 678 expromere
935 641 1061 675 voces,

120 694 225 743 quod
253 700 332 731 tam
359 694 464 730 lenta
492 700 576 730 tuas
606 692 728 730 tenuit
756 692 943 741 patientia
969 692 1067 730 vires

121 757 400 806 conquerimur.
458 757 639 794 deeratne
668 756 736 794 tibi
764 756 906 794 fiducia
933 756 1082 795 nostri?

120 820 214 857 dum
242 827 371 857 movet
398 820 495 857 haec
523 819 669 856 calidus
697 819 879 868 spirantia
906 833 1068 868 corpora
1096 819 1251 869 sanguis

121 892 158 922 et
187 885 280 922 dum
308 884 386 933 pila
413 885 542 921 valent
569 884 685 921 fortes
714 891 892 932 torquere
920 883 1051 922 lacerti

121 950 350 998 degenerem
378 948 523 997 patiere
551 955 680 996 togam
707 960 944 996 regnumque
973 948 1158 985 senatus?

121 1024 244 1060 usque
273 1011 372 1049 adeo
400 1010 580 1049 miserum
609 1018 666 1049 est
695 1010 795 1048 civili
823 1011 974 1049 vincere
1002 1012 1135 1049 bello?

122 1078 199 1114 duc
227 1090 297 1126 age
325 1089 394 1125 per
421 1076 597 1125 Scythiae
626 1077 791 1125 populos
820 1089 888 1124 per
915 1076 1111 1125 inhospita
1139 1075 1256 1125 Syrtis

122 1141 233 1179 litora
260 1154 328 1190 per
355 1141 498 1178 calidas
528 1140 673 1189 Libyae
702 1140 863 1178 sitientis
891 1141 1076 1178 harenas:

122 1206 219 1242 haec
246 1217 382 1242 manus
410 1212 452 1242 ut
480 1203 624 1241 victum
653 1211 739 1252 post
768 1211 872 1252 terga
900 1203 1131 1252 relinqueret
1159 1203 1292 1241 orbem

123 1268 259 1306 oceani
288 1268 453 1306 tumidas
480 1281 586 1305 remo
615 1268 853 1316 compescuit
880 1268 1015 1313 undas,

123 1331 233 1380 fregit
261 1338 298 1369 et
326 1333 471 1369 Arctoo
500 1339 743 1380 spumantem
771 1331 912 1368 vertice
941 1331 1134 1368 Rhenum.

124 1396 227 1434 iussa
255 1396 363 1446 sequi
392 1404 469 1434 tam
497 1409 610 1444 posse
639 1396 730 1433 mihi
760 1409 875 1444 quam
902 1397 1000 1433 velle
1028 1408 1187 1433 necesse
1216 1401 1283 1433 est.

124 1473 198 1497 nec
226 1459 318 1497 civis
348 1472 454 1497 meus
484 1467 540 1497 est
568 1459 607 1496 in
636 1472 752 1508 quem
781 1467 848 1496 tua
875 1459 1044 1505 classica,
1076 1460 1231 1505 Caesar,

124 1521 293 1559 audiero.
350 1534 419 1570 per
446 1521 554 1570 signa
582 1522 716 1559 decem
746 1521 871 1558 felicia
900 1521 1033 1558 castris

124 1598 269 1634 perque
297 1592 383 1622 tuos
411 1585 492 1622 iuro
522 1597 768 1633 quocumque
797 1597 844 1621 ex
871 1585 983 1622 hoste
1011 1583 1252 1632 triumphos3

125 1656 282 1698 pectore
310 1649 340 1686 si
368 1648 489 1686 fratris
516 1648 685 1697 gladium
715 1648 921 1697 iuguloque
950 1647 1118 1696 parentis

126 1714 293 1751 condere
322 1725 384 1750 me
412 1712 544 1749 iubeas
573 1713 787 1760 plenaeque
816 1712 856 1749 in
883 1711 1028 1749 viscera
1056 1717 1166 1760 partu

126 1777 299 1826 coniugis
327 1776 446 1814 invita
474 1789 652 1825 peragam
682 1784 812 1814 tamen
840 1776 971 1813 omnia
999 1776 1131 1813 dextra
1145 1789 1156 1823 3

126 1840 158 1878 si
192 1839 354 1889 spoliare
383 1840 478 1877 deos
506 1839 712 1888 ignemque
741 1838 947 1876 immittere
975 1838 1141 1886 templis,

126 1903 287 1942 numina
314 1902 491 1940 miscebit
519 1903 721 1940 castrensis
750 1904 904 1940 flamma
935 1904 1145 1948 Monetae3

127 1975 251 2004 castra
279 1979 392 2015 super
418 1965 537 2003 Tusci
566 1965 596 2003 si
624 1979 768 2015 ponere
798 1966 977 2015 Tybridis
1006 1967 1130 2004 undas

130 2029 344 2079 Hesperios
373 2030 498 2067 audax
526 2031 680 2067 veniam
709 2038 874 2068 metator
902 2029 941 2066 in
969 2042 1089 2078 agros.

128 2103 169 2133 tu
198 2106 464 2143 quoscumque
492 2095 598 2131 voles
627 2094 665 2131 in
695 2095 853 2142 planum
883 2094 1079 2131 effundere
1107 2106 1237 2132 muros

128 2158 187 2196 his
215 2157 311 2195 aries
339 2164 448 2194 actus
478 2156 671 2205 disperget
701 2170 792 2194 saxa
820 2157 995 2194 lacertis:

130 2221 194 2260 illa
220 2220 310 2258 licet
337 2218 490 2269 penitus
519 2218 600 2257 tolli
631 2231 746 2267 quam
776 2218 928 2257 iusseris
957 2219 1091 2256 urbem

1343 320 1416 358 355

1347 948 1437 1003 365⁷

1350 1278 1425 1314 370

1359 2219 1430 2267 385
