1606 2443
488 119 870 158 PHARSALJAE
904 121 1015 158 LJB.
1054 121 1089 157 J.

141 218 212 243 nos
239 204 350 254 primi
379 207 576 245 Senonum
605 216 733 247 motus
763 207 1040 256 Cimbrumque
1069 207 1256 245 furentem

140 270 305 315 vidimus
334 278 372 309 et
401 273 567 310 Martem
597 274 738 323 Libyes
767 285 996 321 cursumque
1026 271 1161 309 furoris

140 335 355 374 Teutonici.
387 338 566 386 quotiens
595 340 764 377 Romam
794 340 964 376 Fortuna
992 335 1152 382 lacessit,

138 400 211 437 hac
238 399 309 438 iter
337 408 395 439 est
422 401 542 440 bellis.
602 403 745 452 gemitu
778 402 832 440 sic
860 400 1024 450 quisque
1052 399 1185 437 latenti

138 477 218 502 non
246 478 360 503 ausus
389 465 561 504 timuisse
588 468 740 516 palam:
778 479 853 504 vox
880 466 986 502 nulla
1014 463 1138 502 dolori

139 529 306 566 credita:
343 530 412 567 sed
441 537 638 578 quantum,
667 531 842 567 volucres
871 542 958 566 cum
986 529 1122 566 bruma
1150 534 1313 573 coercet,

137 604 223 629 rura
249 591 362 630 silent
389 592 615 642 mediusque
644 600 745 631 tacet
773 593 854 630 sine
883 605 1075 630 murmure
1103 600 1256 641 pontus,

138 661 245 692 tanta
273 654 392 703 quies.
449 655 574 693 noctis
601 656 747 704 gelidas
777 657 840 693 lux
869 657 1030 693 solverat
1058 657 1236 695 umbras:

140 730 231 756 ecce
259 719 361 756 faces
388 719 481 756 belli
509 719 726 768 dubiaeque
755 719 794 757 in
822 719 967 769 proelia
995 719 1114 757 menti

139 788 317 830 urgentes
345 782 495 820 addunt
523 783 698 821 stimulos
727 791 962 832 cunctasque
990 782 1148 832 pudoris

136 853 319 895 rumpunt
346 847 424 884 fata
451 860 601 884 moras:
638 847 758 885 iustos
788 849 958 885 Fortuna
986 848 1134 885 laborat

139 921 221 946 esse
250 908 359 946 ducis
386 917 514 947 motus
544 917 581 948 et
609 923 742 948 causas
772 910 916 948 invenit
945 910 1069 949 armis.

138 972 282 1021 expulit
309 973 467 1023 ancipiti
496 974 692 1012 discordes
720 976 813 1012 urbe
842 975 1015 1012 tribunos

136 1039 239 1079 victo
267 1040 348 1079 iure
375 1041 505 1078 minax
532 1041 680 1080 iactatis
709 1042 812 1080 curia
841 1043 1034 1081 Gracchis.

137 1104 208 1142 hos
236 1104 312 1141 iam
340 1112 447 1142 mota
474 1105 584 1142 ducis
611 1106 813 1154 vicinaque
843 1106 950 1155 signa
976 1113 1152 1155 petentes

137 1167 265 1205 audax
292 1168 418 1206 venali
446 1169 651 1206 comitatur
679 1170 797 1208 Curio
826 1170 977 1219 lingua:

137 1244 213 1270 vox
241 1234 439 1281 quondam
467 1233 600 1282 populi
630 1234 922 1283 libertatemque
951 1233 1047 1272 tueri

139 1308 252 1334 ausus
281 1303 318 1334 et
346 1304 512 1334 armatos
540 1297 644 1345 plebi
672 1297 832 1335 miscere
860 1305 1048 1346 potentes.

142 1365 260 1406 utque
289 1359 429 1396 ducem
457 1358 579 1396 varias
608 1361 829 1397 volventem
858 1368 1013 1408 pectore
1043 1373 1152 1398 curas

140 1419 363 1468 conspexit:
404 1420 496 1457 dum
524 1433 619 1458 voce
648 1428 736 1458 tuae
764 1428 923 1470 potuere
952 1421 1081 1468 iuvari,

140 1484 292 1530 Caesar,
322 1483 385 1529 ait,
416 1491 541 1532 partes
571 1483 745 1532 quamvis
774 1486 930 1523 nolente
959 1493 1095 1523 senatu

139 1546 322 1583 traximus
350 1546 552 1595 imperium
581 1555 661 1584 tum
720 1560 809 1584 cum
851 1548 945 1585 mihi
974 1550 1117 1585 Rostra
1145 1556 1275 1586 tenere

138 1610 196 1648 ius
225 1617 304 1648 erat
333 1617 370 1648 et
398 1610 538 1648 dubios
566 1610 605 1647 in
635 1618 672 1648 te
700 1612 900 1649 transferre
931 1611 1110 1660 Quirites.

139 1675 208 1712 sed
234 1682 441 1724 postquam
469 1676 573 1724 leges
602 1676 705 1713 bello
734 1675 870 1713 siluere
903 1684 1073 1722 coactae,

138 1739 316 1788 pellimur
344 1753 365 1778 e
393 1739 523 1788 patriis
552 1740 692 1777 laribus
721 1739 962 1788 patimurque
991 1741 1165 1778 volentes

139 1803 335 1841 exsilium:
373 1811 439 1841 tua
466 1817 537 1841 nos
566 1803 680 1841 faciet
706 1803 867 1841 victoria
895 1804 1008 1842 cives,

139 1869 231 1905 dum
259 1868 451 1917 trepidant
479 1869 585 1906 nullo
613 1869 783 1905 firmatae
811 1869 949 1905 robore
977 1875 1115 1916 partes,

138 1931 232 1968 tolle
259 1944 396 1969 moras.
455 1944 607 1980 semper
634 1930 767 1969 nocuit
796 1930 945 1968 differre
973 1931 1123 1979 paratis.

105 1988 107 1990 ยน
138 2006 209 2042 par
235 1995 343 2032 labor
369 2002 486 2044 atque
514 2002 639 2032 metus
667 1995 790 2043 pretio
818 1995 962 2032 maiore
990 2003 1180 2044 petuntur.

139 2057 348 2095 bellantem
375 2057 536 2107 geminis
565 2058 688 2096 tenuit
716 2065 754 2095 te
783 2058 909 2095 Gallia
936 2059 1074 2104 lustris,

139 2131 226 2167 pars
255 2127 375 2168 quota
402 2128 595 2159 terrarum.
652 2120 754 2158 facili
783 2120 814 2158 si
842 2121 988 2170 proelia
1015 2135 1141 2171 pauca

139 2183 300 2231 gesseris
329 2191 469 2222 eventu
498 2184 566 2222 tibi
595 2187 724 2222 Roma
752 2185 942 2233 subegerit
971 2187 1114 2224 orbem.

141 2260 244 2285 nunc
271 2260 398 2297 neque
428 2256 466 2287 te
494 2249 598 2299 longi
626 2256 862 2287 remeantem
890 2263 1034 2300 pompa
1062 2251 1241 2301 triumphi

1368 282 1437 320 255

1368 593 1441 628 260

1369 1870 1443 1905 280
