1606 2443
480 143 714 182 PHARSA
718 144 815 181 LJA
820 145 860 181 E
895 145 1006 182 [ΖΒ.
1046 146 1081 182 J.

127 225 292 264 aetheris
320 225 498 264 immensi
526 233 675 275 partem
705 226 735 264 si
765 226 946 276 presseris
975 240 1103 274 unam,

128 288 267 327 sentiet
294 288 375 326 axis
404 302 516 327 onus.
572 289 699 327 librati
726 290 901 338 pondera
929 289 1027 327 caeli

127 353 222 391 orbe
250 360 338 391 tene
366 353 521 391 medio:
557 366 644 403 pars
672 353 836 391 aetheris
865 353 929 390 illa
958 353 1082 391 sereni

127 422 210 454 tota
236 423 348 454 vacet
375 418 581 465 nullaeque
609 417 767 454 obstent
794 430 817 454 a
846 417 1011 455 Caesare
1039 417 1174 455 nubes.

127 485 219 516 tunc
245 492 366 528 genus
394 480 606 517 humanum
634 479 768 528 positis
798 479 870 517 sibi
899 481 1077 517 consulat
1104 480 1230 527 armis,

126 541 245 592 inque
271 543 396 581 vicem
423 556 518 592 gens
548 542 673 580 omnis
702 550 829 581 amet:
867 556 941 592 pax
969 543 1086 581 missa
1112 557 1180 592 per
1208 545 1341 582 orbem

126 607 247 644 ferrea
273 607 445 656 belligeri
473 613 698 655 compescat
725 606 857 643 limina
887 607 982 645 Iani.

127 671 196 708 sed
225 670 318 708 mihi
346 670 422 707 iam
452 683 618 708 numen:
658 683 743 716 nec,
774 670 804 707 si
833 677 871 708 te
900 678 1057 719 pectore
1085 679 1190 709 vates

125 734 289 783 accipio,
320 735 502 773 Cirrhaea
530 735 646 772 velim
675 742 822 772 secreta
849 742 1071 772 moventem

126 798 330 837 sollicitare
358 799 476 836 deum
506 799 779 847 Bacchumque
807 806 975 836 avertere
1006 800 1121 848 Nysa.

126 870 168 900 tu
197 863 287 901 satis
315 863 365 900 ad
394 864 542 901 dandas
572 864 753 900 Romana
785 862 824 900 in
853 863 1023 900 carmina
1050 863 1158 902 vires.

179 927 249 964 fert
277 925 426 964 animus
455 939 589 963 causas
617 933 809 963 tantarum
838 939 1062 974 expromere
1091 941 1228 974 rerum,

126 989 433 1039 immensumque
461 990 627 1039 aperitur
654 1003 762 1039 opus,
793 989 887 1039 quid
917 990 955 1026 in
984 1003 1088 1028 arma
1116 992 1304 1029 furentem

125 1052 319 1102 impulerit
346 1055 546 1103 populum,
577 1053 671 1103 quid
704 1066 841 1102 pacem
870 1053 1076 1091 excusserit
1104 1055 1199 1092 orbi.

126 1116 256 1154 invida
283 1118 448 1155 fatorum
476 1117 603 1164 series,
633 1117 868 1165 summisque
897 1124 1079 1165 negatum

125 1187 225 1218 stare
253 1180 343 1228 diu3
381 1179 579 1236 nimioque
607 1193 738 1229 graves
767 1182 837 1218 sub
866 1181 1036 1229 pondere
1066 1182 1219 1230 lapsus;

126 1256 200 1282 nec
227 1256 268 1281 se
298 1246 426 1282 Roma
453 1231 588 1281 ferens.
646 1243 710 1289 sic,
755 1256 843 1280 cum
890 1242 1076 1293 compage
1107 1244 1231 1283 soluta

127 1309 282 1346 saecula
310 1315 367 1346 tot
395 1308 529 1345 mundi
559 1321 736 1356 suprema
764 1308 931 1357 coegerit
959 1309 1063 1354 hora,

126 1371 327 1420 antiquum
356 1378 532 1420 repetent
558 1372 695 1409 iterum
724 1371 842 1409 chaos
871 1372 999 1408 onmia
1014 1385 1023 1417 3
1061 1370 1186 1409 mixtis

127 1434 254 1472 sidera
282 1434 468 1472 sideribus
497 1442 748 1472 concurrent:
786 1434 898 1483 ignea
926 1443 1087 1483 pontum

127 1506 227 1536 astra
255 1506 410 1548 petent:
449 1500 561 1536 tellus
591 1499 796 1536 extendere
825 1499 936 1536 litora
964 1499 1069 1536 nolet

128 1562 372 1611 excutietque
400 1563 561 1599 fretum:
601 1561 703 1599 fratri
732 1561 921 1599 contraria
950 1562 1108 1599 Phoebe

127 1624 207 1671 ibit,
239 1632 276 1662 et
304 1625 504 1674 obliquum
533 1625 640 1673 bigas
668 1625 810 1674 agitare
838 1637 906 1673 per
934 1625 1067 1662 orbem

127 1687 325 1737 indignata
352 1688 455 1726 diem
484 1695 619 1737 poscet
647 1688 742 1726 sibi:
781 1695 939 1737 totaque
967 1689 1113 1727 discors

127 1751 306 1789 machina
334 1751 471 1789 divulsi
499 1751 667 1790 turbabit
693 1753 851 1790 foedera
878 1752 1023 1789 mundi.

127 1813 168 1851 in
196 1826 235 1852 se
264 1827 404 1863 magna
430 1822 567 1853 ruunt:
601 1814 709 1852 laetis
738 1816 841 1852 hunc
868 1814 1027 1870 numina
1055 1815 1168 1853 rebus

127 1870 326 1916 crEscendi
352 1870 515 1927 posuere
543 1879 713 1917 modum.
771 1868 845 1916 nec
872 1868 1051 1927 gentibus
1080 1878 1167 1916 ullis

128 1944 352 1981 commodat
379 1942 418 1980 in
446 1945 631 1992 populum
660 1951 781 1981 terrae
809 1942 1011 1991 pelagique
1040 1950 1240 1991 potentem

127 2006 311 2045 invidiam
340 2009 510 2046 Fortuna
537 2021 656 2046 suam.
714 2015 754 2045 tu
783 2020 899 2044 causa
926 2008 1114 2044 malorum

127 2071 227 2107 facta
255 2070 372 2109 tribus
401 2071 567 2109 dominis
596 2071 824 2117 communis,
854 2072 994 2118 Roma,
1025 2084 1097 2109 nec
1125 2085 1309 2122 umquam

127 2136 167 2173 in
195 2137 346 2174 turbam
373 2136 478 2174 missi
505 2136 635 2174 feralia
662 2137 818 2174 foedera
845 2135 961 2185 regni.

127 2211 152 2236 o
179 2200 279 2237 male
307 2200 520 2237 concordes
548 2199 743 2248 nimiaque
769 2199 952 2248 cupidine
981 2199 1096 2247 caeci,

127 2262 219 2311 quid
248 2262 407 2301 miscere
435 2262 539 2300 iuvat
566 2262 663 2300 vires
692 2263 901 2311 orbemque
931 2270 1060 2300 tenere

1381 486 1429 518 ὡς)
